<?xml version="1.0" encoding="UTF-8"?>
<!DOCTYPE html PUBLIC "-//W3C//DTD XHTML 1.0 Transitional//EN"
    "http://www.w3.org/TR/xhtml1/DTD/xhtml1-transitional.dtd">
<html xmlns="http://www.w3.org/1999/xhtml" xml:lang="en" lang="en">
 <head>
  <title>
</title>
<meta http-equiv="Content-Type" content="text/html;charset=utf-8" />
  <meta name='ocr-system' content='tesseract 3.04.00' />
  <meta name='ocr-capabilities' content='ocr_page ocr_carea ocr_par ocr_line ocrx_word'/>
</head>
<body>
  <div class='ocr_page' id='page_1' title='image "./poetarumscotoru00adamgoog_0140.png"; bbox 0 0 2792 4800; ppageno 0'>
   <div class='ocr_carea' id='block_1_1' title="bbox 167 691 1237 4147">
    <p class='ocr_par' dir='ltr' id='par_1_1' title="bbox 167 691 1237 4147">
     <span class='ocr_line' id='line_1_1' title="bbox 467 691 874 788; baseline -0.005 0"><span class='ocrx_word' id='word_1_1' title='bbox 467 694 503 788; x_wconf 83' lang='lat' dir='ltr'><em>C</em></span> <span class='ocrx_word' id='word_1_2' title='bbox 560 702 600 786; x_wconf 79' lang='lat' dir='ltr'>A</span> <span class='ocrx_word' id='word_1_3' title='bbox 654 702 701 782; x_wconf 85' lang='lat' dir='ltr'><strong>P.</strong></span> <span class='ocrx_word' id='word_1_4' title='bbox 756 691 874 788; x_wconf 77' lang='lat' dir='ltr'><strong>Xli&#39;.</strong></span> 
     </span>
     <span class='ocr_line' id='line_1_2' title="bbox 283 878 1044 989; baseline 0.008 -20"><span class='ocrx_word' id='word_1_5' title='bbox 283 901 395 976; x_wconf 77' lang='lat' dir='ltr'><strong>limine</strong></span> <span class='ocrx_word' id='word_1_6' title='bbox 412 902 604 985; x_wconf 84' lang='lat' dir='ltr'><strong>quicumque</strong></span> <span class='ocrx_word' id='word_1_7' title='bbox 614 901 656 967; x_wconf 86' lang='lat' dir='ltr'><strong>eil</strong></span> <span class='ocrx_word' id='word_1_8' title='bbox 673 902 776 968; x_wconf 87' lang='lat' dir='ltr'><strong>nostro</strong></span> <span class='ocrx_word' id='word_1_9' title='bbox 786 903 880 989; x_wconf 85' lang='lat' dir='ltr'><strong>satus,</strong></span> <span class='ocrx_word' id='word_1_10' title='bbox 897 902 983 975; x_wconf 85' lang='lat' dir='ltr'>ilicet</span> <span class='ocrx_word' id='word_1_11' title='bbox 993 878 1044 975; x_wconf 73' lang='lat' dir='ltr'><strong>ilii</strong></span> 
     </span>
     <span class='ocr_line' id='line_1_3' title="bbox 304 986 954 1055; baseline -0.003 0"><span class='ocrx_word' id='word_1_12' title='bbox 304 989 380 1055; x_wconf 92' lang='lat' dir='ltr'><strong>Vita</strong></span> <span class='ocrx_word' id='word_1_13' title='bbox 398 987 498 1052; x_wconf 83' lang='lat' dir='ltr'><strong>brevis</strong></span> <span class='ocrx_word' id='word_1_14' title='bbox 516 987 605 1051; x_wconf 82' lang='lat' dir='ltr'><strong>variis</strong></span> <span class='ocrx_word' id='word_1_15' title='bbox 620 986 662 1052; x_wconf 89' lang='lat' dir='ltr'><strong>est</strong></span> <span class='ocrx_word' id='word_1_16' title='bbox 678 990 837 1053; x_wconf 82' lang='lat' dir='ltr'><strong>cumulata</strong></span> <span class='ocrx_word' id='word_1_17' title='bbox 853 989 954 1053; x_wconf 75' lang='lat' dir='ltr'><strong>malin</strong></span> 
     </span>
     <span class='ocr_line' id='line_1_4' title="bbox 210 1066 968 1140; baseline -0.003 0"><span class='ocrx_word' id='word_1_18' title='bbox 210 1095 229 1140; x_wconf 72' lang='grc' dir='ltr'>ι</span> <span class='ocrx_word' id='word_1_19' title='bbox 249 1072 394 1139; x_wconf 84' lang='lat' dir='ltr'><strong>Provenit</strong></span> <span class='ocrx_word' id='word_1_20' title='bbox 410 1090 447 1138; x_wconf 84' lang='lat' dir='ltr'><strong>ex</strong></span> <span class='ocrx_word' id='word_1_21' title='bbox 458 1086 545 1136; x_wconf 86' lang='lat' dir='ltr'><strong>utero</strong></span> <span class='ocrx_word' id='word_1_22' title='bbox 560 1073 646 1135; x_wconf 86' lang='lat' dir='ltr'><strong>velut</strong></span> <span class='ocrx_word' id='word_1_23' title='bbox 664 1066 682 1133; x_wconf 78' lang='grc' dir='ltr'>ὲ</span> <span class='ocrx_word' id='word_1_24' title='bbox 699 1074 810 1136; x_wconf 90' lang='lat' dir='ltr'><strong>tellure</strong></span> <span class='ocrx_word' id='word_1_25' title='bbox 827 1088 968 1138; x_wconf 81' lang='lat' dir='ltr'><strong>creantur</strong></span> 
     </span>
     <span class='ocr_line' id='line_1_5' title="bbox 303 1152 1237 1237; baseline 0.007 -19"><span class='ocrx_word' id='word_1_26' title='bbox 303 1154 463 1236; x_wconf 86' lang='lat' dir='ltr'><strong>Gramina,</strong></span> <span class='ocrx_word' id='word_1_27' title='bbox 488 1170 581 1237; x_wconf 91' lang='lat' dir='ltr'><strong>quem</strong></span> <span class='ocrx_word' id='word_1_28' title='bbox 598 1152 697 1218; x_wconf 81' lang='lat' dir='ltr'><strong>subiti&gt;</strong></span> <span class='ocrx_word' id='word_1_29' title='bbox 713 1172 799 1219; x_wconf 79' lang='lat' dir='ltr'><strong>mors</strong></span> <span class='ocrx_word' id='word_1_30' title='bbox 815 1158 989 1223; x_wconf 78' lang='lat' dir='ltr'><strong>truculenta</strong></span> <span class='ocrx_word' id='word_1_31' title='bbox 1004 1157 1111 1227; x_wconf 86' lang='lat' dir='ltr'><strong>metit:</strong></span> <span class='ocrx_word' id='word_1_32' title='bbox 1233 1219 1237 1225; x_wconf 77' lang='grc'>,</span> 
     </span>
     <span class='ocr_line' id='line_1_6' title="bbox 167 1231 1157 1326; baseline 0.008 -23"><span class='ocrx_word' id='word_1_33' title='bbox 167 1231 171 1241; x_wconf 76' lang='grc'><em>“</em></span> <span class='ocrx_word' id='word_1_34' title='bbox 248 1236 333 1304; x_wconf 82' lang='grc' dir='ltr'>Νοιι</span> <span class='ocrx_word' id='word_1_35' title='bbox 342 1236 1157 1326; x_wconf 67' lang='lat' dir='ltr'><strong>manetinterrisqsedmenscitbmembrareliuquent</strong></span> 
     </span>
     <span class='ocr_line' id='line_1_7' title="bbox 302 1320 986 1405; baseline 0.001 -18"><span class='ocrx_word' id='word_1_36' title='bbox 302 1321 355 1387; x_wconf 89' lang='lat' dir='ltr'><strong>Ut</strong></span> <span class='ocrx_word' id='word_1_37' title='bbox 369 1321 456 1405; x_wconf 79' lang='lat' dir='ltr'><strong>levis&#39;,</strong></span> <span class='ocrx_word' id='word_1_38' title='bbox 476 1320 608 1386; x_wconf 69' lang='lat' dir='ltr'><strong>induciis</strong></span> <span class='ocrx_word' id='word_1_39' title='bbox 618 1321 760 1403; x_wconf 84' lang='lat' dir='ltr'><strong>nubibus,</strong></span> <span class='ocrx_word' id='word_1_40' title='bbox 775 1322 884 1385; x_wconf 83' lang='lat' dir='ltr'><strong>umbra</strong></span> <span class='ocrx_word' id='word_1_41' title='bbox 898 1322 932 1387; x_wconf 89' lang='lat' dir='ltr'><strong>fu</strong></span> <span class='ocrx_word' id='word_1_42' title='bbox 953 1325 986 1389; x_wconf 90' lang='lat' dir='ltr'><strong>it.</strong></span> 
     </span>
     <span class='ocr_line' id='line_1_8' title="bbox 208 1343 1092 1493; baseline 0.003 -22"><span class='ocrx_word' id='word_1_43' title='bbox 208 1427 229 1493; x_wconf 76' lang='lat'>3</span> <span class='ocrx_word' id='word_1_44' title='bbox 249 1404 318 1471; x_wconf 85' lang='lat' dir='ltr'><strong>eur</strong></span> <span class='ocrx_word' id='word_1_45' title='bbox 333 1423 385 1472; x_wconf 85' lang='lat' dir='ltr'><strong>me</strong></span> <span class='ocrx_word' id='word_1_46' title='bbox 400 1403 596 1493; x_wconf 78' lang='lat' dir='ltr'><strong>etgbtrutiui</strong></span> <span class='ocrx_word' id='word_1_47' title='bbox 612 1402 731 1487; x_wconf 82' lang='lat' dir='ltr'><strong>pendis,</strong></span> <span class='ocrx_word' id='word_1_48' title='bbox 751 1403 840 1469; x_wconf 89' lang='lat' dir='ltr'><strong>Pater</strong></span> <span class='ocrx_word' id='word_1_49' title='bbox 849 1343 953 1473; x_wconf 51' lang='lat' dir='ltr'><strong>alme}</strong></span> <span class='ocrx_word' id='word_1_50' title='bbox 965 1406 1092 1474; x_wconf 79' lang='lat' dir='ltr'><strong>severii</strong></span> 
     </span>
     <span class='ocr_line' id='line_1_9' title="bbox 302 1486 950 1575; baseline 0.005 -23"><span class='ocrx_word' id='word_1_51' title='bbox 302 1486 370 1552; x_wconf 91' lang='lat' dir='ltr'><strong>Cur</strong></span> <span class='ocrx_word' id='word_1_52' title='bbox 385 1492 496 1553; x_wconf 85' lang='lat' dir='ltr'><strong>oculos</strong></span> <span class='ocrx_word' id='word_1_53' title='bbox 513 1488 545 1553; x_wconf 89' lang='lat' dir='ltr'><strong>iu</strong></span> <span class='ocrx_word' id='word_1_54' title='bbox 562 1506 613 1551; x_wconf 90' lang='lat' dir='ltr'><strong>me</strong></span> <span class='ocrx_word' id='word_1_55' title='bbox 629 1488 732 1575; x_wconf 83' lang='lat' dir='ltr'>dirigis</span> <span class='ocrx_word' id='word_1_56' title='bbox 748 1488 844 1569; x_wconf 88' lang='lat' dir='ltr'><strong>usque</strong></span> <span class='ocrx_word' id='word_1_57' title='bbox 859 1492 950 1555; x_wconf 86' lang='lat' dir='ltr'><strong>tuos?</strong></span> 
     </span>
     <span class='ocr_line' id='line_1_10' title="bbox 211 1570 1088 1658; baseline 0.001 -20"><span class='ocrx_word' id='word_1_58' title='bbox 211 1592 232 1657; x_wconf 83' lang='lat'>4</span> <span class='ocrx_word' id='word_1_59' title='bbox 251 1570 369 1654; x_wconf 83' lang='lat' dir='ltr'><strong>Ecquis</strong></span> <span class='ocrx_word' id='word_1_60' title='bbox 384 1572 509 1636; x_wconf 88' lang='lat' dir='ltr'><strong>enimin</strong></span> <span class='ocrx_word' id='word_1_61' title='bbox 525 1570 645 1637; x_wconf 90' lang='lat' dir='ltr'><strong>mundo</strong></span> <span class='ocrx_word' id='word_1_62' title='bbox 654 1571 763 1653; x_wconf 88' lang='lat' dir='ltr'><strong>poterit</strong></span> <span class='ocrx_word' id='word_1_63' title='bbox 774 1590 840 1635; x_wconf 88' lang='lat' dir='ltr'><strong>rem</strong></span> <span class='ocrx_word' id='word_1_64' title='bbox 852 1574 966 1658; x_wconf 84' lang='lat' dir='ltr'><strong>fingere</strong></span> <span class='ocrx_word' id='word_1_65' title='bbox 979 1590 1088 1658; x_wconf 75' lang='lat' dir='ltr'><strong>puram</strong></span> 
     </span>
     <span class='ocr_line' id='line_1_11' title="bbox 307 1654 959 1737; baseline 0 -16"><span class='ocrx_word' id='word_1_66' title='bbox 307 1654 454 1721; x_wconf 79' lang='lat' dir='ltr'><strong>Sordibus</strong></span> <span class='ocrx_word' id='word_1_67' title='bbox 469 1656 618 1736; x_wconf 80' lang='lat' dir='ltr'><strong>impuris?</strong></span> <span class='ocrx_word' id='word_1_68' title='bbox 644 1657 751 1720; x_wconf 85' lang='lat' dir='ltr'><strong>nuilus</strong></span> <span class='ocrx_word' id='word_1_69' title='bbox 768 1657 877 1737; x_wconf 85' lang='lat' dir='ltr'>opinor</span> <span class='ocrx_word' id='word_1_70' title='bbox 892 1658 959 1723; x_wconf 90' lang='lat' dir='ltr'><strong>erit.</strong></span> 
     </span>
     <span class='ocr_line' id='line_1_12' title="bbox 215 1737 1093 1833; baseline 0.006 -30"><span class='ocrx_word' id='word_1_71' title='bbox 215 1757 235 1819; x_wconf 87' lang='lat'>5</span> <span class='ocrx_word' id='word_1_72' title='bbox 255 1737 393 1823; x_wconf 87' lang='lat' dir='ltr'><strong>Quando</strong></span> <span class='ocrx_word' id='word_1_73' title='bbox 410 1738 451 1804; x_wconf 81' lang='lat' dir='ltr'><strong>iu</strong></span> <span class='ocrx_word' id='word_1_74' title='bbox 464 1739 613 1826; x_wconf 79' lang='lat' dir='ltr'><strong>restringis</strong></span> <span class='ocrx_word' id='word_1_75' title='bbox 630 1737 730 1820; x_wconf 85' lang='lat' dir='ltr'><strong>spatiis</strong></span> <span class='ocrx_word' id='word_1_76' title='bbox 747 1756 816 1800; x_wconf 88' lang='lat' dir='ltr'><strong>mea</strong></span> <span class='ocrx_word' id='word_1_77' title='bbox 836 1755 974 1823; x_wconf 87' lang='lat' dir='ltr'><strong>tempora</strong></span> <span class='ocrx_word' id='word_1_78' title='bbox 991 1744 1093 1833; x_wconf 71' lang='lat' dir='ltr'><strong>cona,</strong></span> 
     </span>
     <span class='ocr_line' id='line_1_13' title="bbox 305 1822 1214 1907; baseline 0.007 -20"><span class='ocrx_word' id='word_1_79' title='bbox 305 1823 385 1907; x_wconf 80' lang='lat' dir='ltr'><strong>Quae</strong></span> <span class='ocrx_word' id='word_1_80' title='bbox 401 1823 495 1887; x_wconf 87' lang='lat' dir='ltr'><strong>nullis</strong></span> <span class='ocrx_word' id='word_1_81' title='bbox 512 1824 674 1886; x_wconf 87' lang='lat' dir='ltr'><strong>homiuum</strong></span> <span class='ocrx_word' id='word_1_82' title='bbox 689 1822 853 1887; x_wconf 77' lang='lat' dir='ltr'><strong>transiliisse</strong></span> <span class='ocrx_word' id='word_1_83' title='bbox 871 1824 958 1893; x_wconf 83' lang='lat' dir='ltr'><strong>licet:</strong></span> <span class='ocrx_word' id='word_1_84' title='bbox 1210 1888 1214 1898; x_wconf 90' lang='grc'>,</span> 
     </span>
     <span class='ocr_line' id='line_1_14' title="bbox 213 1902 1092 2000; baseline 0.001 -32"><span class='ocrx_word' id='word_1_85' title='bbox 213 1905 235 1968; x_wconf 86' lang='lat'><strong>6</strong></span> <span class='ocrx_word' id='word_1_86' title='bbox 254 1902 326 1985; x_wconf 81' lang='lat' dir='ltr'><strong>Jam</strong></span> <span class='ocrx_word' id='word_1_87' title='bbox 342 1905 481 1989; x_wconf 85' lang='lat' dir='ltr'><strong>requiem</strong></span> <span class='ocrx_word' id='word_1_88' title='bbox 493 1906 635 1971; x_wconf 88' lang='lat' dir='ltr'><strong>concede</strong></span> <span class='ocrx_word' id='word_1_89' title='bbox 652 1907 787 1989; x_wconf 82' lang='lat' dir='ltr'><strong>brevem,</strong></span> <span class='ocrx_word' id='word_1_90' title='bbox 804 1904 905 1969; x_wconf 77' lang='lat' dir='ltr'><strong>desiste</strong></span> <span class='ocrx_word' id='word_1_91' title='bbox 959 1928 1092 2000; x_wconf 70' lang='lat' dir='ltr'><strong>rumpet,</strong></span> 
     </span>
     <span class='ocr_line' id='line_1_15' title="bbox 305 1927 1009 2072; baseline 0.006 -17"><span class='ocrx_word' id='word_1_92' title='bbox 305 1985 395 2055; x_wconf 89' lang='lat' dir='ltr'><strong>Dum</strong></span> <span class='ocrx_word' id='word_1_93' title='bbox 411 1988 536 2071; x_wconf 70' lang='lat' dir='ltr'><strong>paurum</strong></span> <span class='ocrx_word' id='word_1_94' title='bbox 549 2009 619 2072; x_wconf 86' lang='lat' dir='ltr'><strong>pera</strong></span> <span class='ocrx_word' id='word_1_95' title='bbox 641 2010 662 2053; x_wconf 94' lang='lat' dir='ltr'><strong>o</strong></span> <span class='ocrx_word' id='word_1_96' title='bbox 676 1989 779 2053; x_wconf 79' lang='lat' dir='ltr'><strong>servus</strong></span> <span class='ocrx_word' id='word_1_97' title='bbox 795 2003 830 2053; x_wconf 90' lang='lat' dir='ltr'><strong>ut</strong></span> <span class='ocrx_word' id='word_1_98' title='bbox 839 1989 900 2071; x_wconf 89' lang='lat' dir='ltr'><strong>ipse</strong></span> <span class='ocrx_word' id='word_1_99' title='bbox 914 1927 1009 2059; x_wconf 53' lang='lat' dir='ltr'><strong>giem.</strong></span> 
     </span>
     <span class='ocr_line' id='line_1_16' title="bbox 215 2010 1022 2159; baseline 0.004 -22"><span class='ocrx_word' id='word_1_100' title='bbox 215 2085 233 2153; x_wconf 86' lang='lat'><strong>7</strong></span> <span class='ocrx_word' id='word_1_101' title='bbox 256 2068 359 2138; x_wconf 77' lang='lat' dir='ltr'><strong>Arbor</strong></span> <span class='ocrx_word' id='word_1_102' title='bbox 374 2074 457 2139; x_wconf 87' lang='lat' dir='ltr'><strong>euim</strong></span> <span class='ocrx_word' id='word_1_103' title='bbox 472 2073 537 2155; x_wconf 84' lang='lat' dir='ltr'><strong>spes</strong></span> <span class='ocrx_word' id='word_1_104' title='bbox 554 2074 596 2139; x_wconf 91' lang='lat' dir='ltr'><strong>est</strong></span> <span class='ocrx_word' id='word_1_105' title='bbox 612 2010 688 2139; x_wconf 47' lang='lat' dir='ltr'><strong>&lt;fura</strong></span> <span class='ocrx_word' id='word_1_106' title='bbox 701 2072 775 2136; x_wconf 91' lang='lat' dir='ltr'><strong>licet</strong></span> <span class='ocrx_word' id='word_1_107' title='bbox 792 2070 851 2137; x_wconf 76' lang='lat' dir='ltr'><strong>lua</strong></span> <span class='ocrx_word' id='word_1_108' title='bbox 866 2074 967 2140; x_wconf 92' lang='lat' dir='ltr'><strong>securi</strong></span> <span class='ocrx_word' id='word_1_109' title='bbox 1014 2088 1022 2159; x_wconf 63' lang='grc' dir='ltr'><em>ζ</em></span> 
     </span>
     <span class='ocr_line' id='line_1_17' title="bbox 306 2155 949 2240; baseline 0.008 -20"><span class='ocrx_word' id='word_1_110' title='bbox 306 2155 403 2239; x_wconf 77' lang='lat' dir='ltr'><strong>Quod</strong></span> <span class='ocrx_word' id='word_1_111' title='bbox 421 2174 523 2222; x_wconf 89' lang='lat' dir='ltr'><strong>ramos</strong></span> <span class='ocrx_word' id='word_1_112' title='bbox 540 2157 651 2223; x_wconf 91' lang='lat' dir='ltr'><strong>iterum</strong></span> <span class='ocrx_word' id='word_1_113' title='bbox 667 2157 702 2221; x_wconf 86' lang='lat' dir='ltr'><strong>lit</strong></span> <span class='ocrx_word' id='word_1_114' title='bbox 711 2156 841 2240; x_wconf 83' lang='lat' dir='ltr'><strong>paritura</strong></span> <span class='ocrx_word' id='word_1_115' title='bbox 854 2157 927 2224; x_wconf 87' lang='lat' dir='ltr'><strong>suos</strong></span> <span class='ocrx_word' id='word_1_116' title='bbox 940 2180 949 2225; x_wconf 71' lang='grc' dir='ltr'><strong><em>ε</em></strong></span> 
     </span>
     <span class='ocr_line' id='line_1_18' title="bbox 212 2235 1003 2329; baseline 0.003 -24"><span class='ocrx_word' id='word_1_117' title='bbox 212 2235 234 2305; x_wconf 86' lang='lat'><em>8</em></span> <span class='ocrx_word' id='word_1_118' title='bbox 255 2238 435 2324; x_wconf 84' lang='lat' dir='ltr'><strong>Quamlibet</strong></span> <span class='ocrx_word' id='word_1_119' title='bbox 457 2240 488 2306; x_wconf 89' lang='lat' dir='ltr'><strong>in</strong></span> <span class='ocrx_word' id='word_1_120' title='bbox 511 2242 629 2325; x_wconf 82' lang='lat' dir='ltr'><strong>gremio</strong></span> <span class='ocrx_word' id='word_1_121' title='bbox 644 2257 730 2305; x_wconf 72' lang='lat' dir='ltr'><strong>terra</strong></span> <span class='ocrx_word' id='word_1_122' title='bbox 746 2240 861 2305; x_wconf 85' lang='lat' dir='ltr'><strong>cariosa</strong></span> <span class='ocrx_word' id='word_1_123' title='bbox 876 2243 1003 2329; x_wconf 84' lang='lat' dir='ltr'><strong>jaceret,</strong></span> 
     </span>
     <span class='ocr_line' id='line_1_19' title="bbox 306 2322 989 2407; baseline 0 -22"><span class='ocrx_word' id='word_1_124' title='bbox 306 2322 485 2407; x_wconf 84' lang='lat' dir='ltr'><strong>Quamlibet</strong></span> <span class='ocrx_word' id='word_1_125' title='bbox 500 2341 652 2389; x_wconf 90' lang='lat' dir='ltr'><strong>annorum</strong></span> <span class='ocrx_word' id='word_1_126' title='bbox 666 2322 758 2388; x_wconf 89' lang='lat' dir='ltr'><strong>dente</strong></span> <span class='ocrx_word' id='word_1_127' title='bbox 774 2324 875 2406; x_wconf 87' lang='lat' dir='ltr'><strong>peresa</strong></span> <span class='ocrx_word' id='word_1_128' title='bbox 888 2324 989 2391; x_wconf 88' lang='lat' dir='ltr'><strong>foret:</strong></span> 
     </span>
     <span class='ocr_line' id='line_1_20' title="bbox 212 2406 1026 2492; baseline 0.004 -23"><span class='ocrx_word' id='word_1_129' title='bbox 212 2425 233 2490; x_wconf 87' lang='lat'>9</span> <span class='ocrx_word' id='word_1_130' title='bbox 255 2406 417 2470; x_wconf 85' lang='lat' dir='ltr'><strong>Florescet</strong></span> <span class='ocrx_word' id='word_1_131' title='bbox 432 2407 657 2487; x_wconf 78' lang='lat' dir='ltr'><strong>liquidaevenis</strong></span> <span class='ocrx_word' id='word_1_132' title='bbox 681 2408 769 2471; x_wconf 86' lang='lat' dir='ltr'><strong>stmul</strong></span> <span class='ocrx_word' id='word_1_133' title='bbox 785 2407 902 2471; x_wconf 85' lang='lat' dir='ltr'><strong>imbibit</strong></span> <span class='ocrx_word' id='word_1_134' title='bbox 916 2409 1026 2492; x_wconf 69' lang='lat' dir='ltr'><strong>undat,</strong></span> 
     </span>
     <span class='ocr_line' id='line_1_21' title="bbox 311 2487 977 2570; baseline 0.006 -21"><span class='ocrx_word' id='word_1_135' title='bbox 311 2487 337 2550; x_wconf 93' lang='lat' dir='ltr'>F</span> <span class='ocrx_word' id='word_1_136' title='bbox 340 2488 389 2551; x_wconf 82' lang='lat' dir='ltr'><strong>ixa</strong></span> <span class='ocrx_word' id='word_1_137' title='bbox 402 2491 487 2552; x_wconf 87' lang='lat' dir='ltr'><strong>velut</strong></span> <span class='ocrx_word' id='word_1_138' title='bbox 501 2491 627 2552; x_wconf 87' lang='lat' dir='ltr'><strong>madido</strong></span> <span class='ocrx_word' id='word_1_139' title='bbox 643 2493 747 2570; x_wconf 87' lang='lat' dir='ltr'><strong>planta</strong></span> <span class='ocrx_word' id='word_1_140' title='bbox 762 2493 886 2551; x_wconf 88' lang='lat' dir='ltr'><strong>novella</strong></span> <span class='ocrx_word' id='word_1_141' title='bbox 899 2489 977 2554; x_wconf 69' lang='lat' dir='ltr'><strong>soler</strong></span> 
     </span>
     <span class='ocr_line' id='line_1_22' title="bbox 200 2569 1097 2657; baseline 0.006 -20"><span class='ocrx_word' id='word_1_142' title='bbox 200 2591 236 2640; x_wconf 90' lang='lat' dir='ltr'><strong>to</strong></span> <span class='ocrx_word' id='word_1_143' title='bbox 258 2569 305 2635; x_wconf 90' lang='lat' dir='ltr'><strong>At</strong></span> <span class='ocrx_word' id='word_1_144' title='bbox 319 2570 422 2635; x_wconf 79' lang='lat' dir='ltr'><strong>subitb</strong></span> <span class='ocrx_word' id='word_1_145' title='bbox 437 2591 513 2655; x_wconf 85' lang='lat' dir='ltr'><strong>gens</strong></span> <span class='ocrx_word' id='word_1_146' title='bbox 530 2572 629 2650; x_wconf 82' lang='lat' dir='ltr'><strong>nostra</strong></span> <span class='ocrx_word' id='word_1_147' title='bbox 639 2571 726 2654; x_wconf 65' lang='lat' dir='ltr'><strong>perit,</strong></span> <span class='ocrx_word' id='word_1_148' title='bbox 744 2589 817 2657; x_wconf 82' lang='lat' dir='ltr'><strong>gens</strong></span> <span class='ocrx_word' id='word_1_149' title='bbox 832 2570 932 2638; x_wconf 79' lang='lat' dir='ltr'><strong>nostra</strong></span> <span class='ocrx_word' id='word_1_150' title='bbox 941 2593 995 2657; x_wconf 88' lang='lat' dir='ltr'><strong>pet</strong></span> <span class='ocrx_word' id='word_1_151' title='bbox 1009 2592 1097 2644; x_wconf 74' lang='lat' dir='ltr'><strong>auras</strong></span> 
     </span>
     <span class='ocr_line' id='line_1_23' title="bbox 308 2652 1099 2736; baseline 0.008 -16"><span class='ocrx_word' id='word_1_152' title='bbox 308 2652 446 2734; x_wconf 83' lang='lat' dir='ltr'><strong>Avolut3</strong></span> <span class='ocrx_word' id='word_1_153' title='bbox 467 2669 559 2735; x_wconf 87' lang='lat' dir='ltr'><strong>atque</strong></span> <span class='ocrx_word' id='word_1_154' title='bbox 576 2654 627 2718; x_wconf 92' lang='lat' dir='ltr'><strong>ubi</strong></span> <span class='ocrx_word' id='word_1_155' title='bbox 644 2670 719 2719; x_wconf 91' lang='lat' dir='ltr'><strong>tunc</strong></span> <span class='ocrx_word' id='word_1_156' title='bbox 743 2674 843 2736; x_wconf 83' lang='lat' dir='ltr'><strong>quove</strong></span> <span class='ocrx_word' id='word_1_157' title='bbox 857 2655 913 2720; x_wconf 91' lang='lat' dir='ltr'><strong>sub</strong></span> <span class='ocrx_word' id='word_1_158' title='bbox 929 2669 985 2723; x_wconf 79' lang='lat' dir='ltr'><strong>axe</strong></span> <span class='ocrx_word' id='word_1_159' title='bbox 1001 2661 1099 2725; x_wconf 84' lang='lat' dir='ltr'><strong>latet?</strong></span> 
     </span>
     <span class='ocr_line' id='line_1_24' title="bbox 201 2736 1127 2832; baseline 0.005 -28"><span class='ocrx_word' id='word_1_160' title='bbox 201 2760 233 2804; x_wconf 89' lang='lat'><strong>11</strong></span> <span class='ocrx_word' id='word_1_161' title='bbox 258 2736 347 2804; x_wconf 84' lang='lat' dir='ltr'><strong>Sicut</strong></span> <span class='ocrx_word' id='word_1_162' title='bbox 358 2757 437 2819; x_wconf 87' lang='lat' dir='ltr'><strong>aqua</strong></span> <span class='ocrx_word' id='word_1_163' title='bbox 446 2756 608 2824; x_wconf 82' lang='lat' dir='ltr'><strong>oceanum,</strong></span> <span class='ocrx_word' id='word_1_164' title='bbox 627 2737 747 2815; x_wconf 84' lang='lat' dir='ltr'><strong>Pboebo</strong></span> <span class='ocrx_word' id='word_1_165' title='bbox 761 2738 947 2827; x_wconf 84' lang='lat' dir='ltr'><strong>absorbente,</strong></span> <span class='ocrx_word' id='word_1_166' title='bbox 969 2743 1127 2832; x_wconf 76' lang='lat' dir='ltr'><strong>relinquit,</strong></span> 
     </span>
     <span class='ocr_line' id='line_1_25' title="bbox 310 2821 1056 2904; baseline 0.009 -20"><span class='ocrx_word' id='word_1_167' title='bbox 310 2823 466 2904; x_wconf 83' lang='lat' dir='ltr'><strong>Versaque</strong></span> <span class='ocrx_word' id='word_1_168' title='bbox 481 2821 513 2886; x_wconf 88' lang='lat' dir='ltr'><strong>in</strong></span> <span class='ocrx_word' id='word_1_169' title='bbox 531 2842 687 2904; x_wconf 83' lang='lat' dir='ltr'><strong>aequoteos</strong></span> <span class='ocrx_word' id='word_1_170' title='bbox 704 2841 767 2887; x_wconf 89' lang='lat' dir='ltr'><strong>non</strong></span> <span class='ocrx_word' id='word_1_171' title='bbox 782 2823 860 2886; x_wconf 88' lang='lat' dir='ltr'><strong>redit</strong></span> <span class='ocrx_word' id='word_1_172' title='bbox 874 2823 930 2888; x_wconf 86' lang='lat' dir='ltr'><strong>ilia</strong></span> <span class='ocrx_word' id='word_1_173' title='bbox 946 2828 1056 2891; x_wconf 79' lang='lat' dir='ltr'><strong>lacus:</strong></span> 
     </span>
     <span class='ocr_line' id='line_1_26' title="bbox 260 2905 1067 2990; baseline 0.001 -19"><span class='ocrx_word' id='word_1_174' title='bbox 260 2905 374 2985; x_wconf 88' lang='lat' dir='ltr'><strong>thue</strong></span> <span class='ocrx_word' id='word_1_175' title='bbox 389 2906 465 2988; x_wconf 84' lang='lat' dir='ltr'><strong>perit</strong></span> <span class='ocrx_word' id='word_1_176' title='bbox 478 2906 618 2986; x_wconf 82' lang='lat' dir='ltr'><strong>rapidum</strong></span> <span class='ocrx_word' id='word_1_177' title='bbox 630 2906 739 2970; x_wconf 80' lang='lat' dir='ltr'><strong>sensum</strong></span> <span class='ocrx_word' id='word_1_178' title='bbox 757 2907 867 2969; x_wconf 81' lang='lat' dir='ltr'><strong>siccata</strong></span> <span class='ocrx_word' id='word_1_179' title='bbox 883 2908 1067 2990; x_wconf 71' lang='lat' dir='ltr'><strong>penaest&#39;um,</strong></span> 
     </span>
     <span class='ocr_line' id='line_1_27' title="bbox 309 2985 1052 3070; baseline 0.007 -18"><span class='ocrx_word' id='word_1_180' title='bbox 309 2985 384 3052; x_wconf 91' lang='lat' dir='ltr'><strong>Nec</strong></span> <span class='ocrx_word' id='word_1_181' title='bbox 399 3004 535 3054; x_wconf 81' lang='lat' dir='ltr'><strong>veterem</strong></span> <span class='ocrx_word' id='word_1_182' title='bbox 550 2988 654 3070; x_wconf 87' lang='lat' dir='ltr'><strong>repetit</strong></span> <span class='ocrx_word' id='word_1_183' title='bbox 671 2988 805 3052; x_wconf 81' lang='lat' dir='ltr'><strong>fluminis</strong></span> <span class='ocrx_word' id='word_1_184' title='bbox 822 2989 903 3051; x_wconf 83' lang='lat' dir='ltr'><strong>unda</strong></span> <span class='ocrx_word' id='word_1_185' title='bbox 919 2993 1052 3057; x_wconf 87' lang='lat' dir='ltr'><strong>locum:</strong></span> 
     </span>
     <span class='ocr_line' id='line_1_28' title="bbox 203 3069 1091 3162; baseline 0.001 -23"><span class='ocrx_word' id='word_1_186' title='bbox 203 3095 239 3139; x_wconf 79' lang='grc' dir='ltr'><strong>η</strong></span> <span class='ocrx_word' id='word_1_187' title='bbox 259 3069 313 3137; x_wconf 84' lang='lat' dir='ltr'><strong>sic</strong></span> <span class='ocrx_word' id='word_1_188' title='bbox 325 3073 422 3136; x_wconf 90' lang='lat' dir='ltr'><strong>homo</strong></span> <span class='ocrx_word' id='word_1_189' title='bbox 432 3085 612 3153; x_wconf 89' lang='lat' dir='ltr'><strong>perpetuum</strong></span> <span class='ocrx_word' id='word_1_190' title='bbox 626 3070 721 3153; x_wconf 86' lang='lat' dir='ltr'><strong>carpit</strong></span> <span class='ocrx_word' id='word_1_191' title='bbox 732 3070 786 3135; x_wconf 91' lang='lat' dir='ltr'><strong>sub</strong></span> <span class='ocrx_word' id='word_1_192' title='bbox 798 3073 923 3151; x_wconf 78' lang='lat' dir='ltr'><strong>pulvere</strong></span> <span class='ocrx_word' id='word_1_193' title='bbox 933 3072 1091 3162; x_wconf 78' lang='lat' dir='ltr'><strong>somnum,</strong></span> 
     </span>
     <span class='ocr_line' id='line_1_29' title="bbox 311 3153 925 3235; baseline -0.002 -16"><span class='ocrx_word' id='word_1_194' title='bbox 311 3153 425 3220; x_wconf 89' lang='lat' dir='ltr'><strong>Donec</strong></span> <span class='ocrx_word' id='word_1_195' title='bbox 441 3154 599 3235; x_wconf 87' lang='lat' dir='ltr'><strong>supremus</strong></span> <span class='ocrx_word' id='word_1_196' title='bbox 617 3154 743 3217; x_wconf 88' lang='lat' dir='ltr'><strong>misceat</strong></span> <span class='ocrx_word' id='word_1_197' title='bbox 758 3153 833 3218; x_wconf 82' lang='lat' dir='ltr'><strong>astra</strong></span> <span class='ocrx_word' id='word_1_198' title='bbox 849 3153 925 3218; x_wconf 86' lang='lat' dir='ltr'><strong>dies.</strong></span> 
     </span>
     <span class='ocr_line' id='line_1_30' title="bbox 202 3235 1138 3325; baseline 0 -20"><span class='ocrx_word' id='word_1_199' title='bbox 202 3259 239 3324; x_wconf 82' lang='lat'><strong>13</strong></span> <span class='ocrx_word' id='word_1_200' title='bbox 262 3237 376 3305; x_wconf 70' lang='lat' dir='ltr'><strong>Sanile</strong></span> <span class='ocrx_word' id='word_1_201' title='bbox 394 3240 517 3319; x_wconf 88' lang='lat' dir='ltr'><strong>pareus!</strong></span> <span class='ocrx_word' id='word_1_202' title='bbox 539 3235 644 3322; x_wconf 83' lang='lat' dir='ltr'><strong>gelido</strong></span> <span class='ocrx_word' id='word_1_203' title='bbox 660 3238 772 3300; x_wconf 88' lang='lat' dir='ltr'><strong>tumuli</strong></span> <span class='ocrx_word' id='word_1_204' title='bbox 783 3255 835 3300; x_wconf 90' lang='lat' dir='ltr'><strong>me</strong></span> <span class='ocrx_word' id='word_1_205' title='bbox 850 3238 951 3300; x_wconf 90' lang='lat' dir='ltr'><strong>conde</strong></span> <span class='ocrx_word' id='word_1_206' title='bbox 967 3236 1023 3302; x_wconf 89' lang='lat' dir='ltr'><strong>sub</strong></span> <span class='ocrx_word' id='word_1_207' title='bbox 1038 3253 1138 3325; x_wconf 80' lang='lat' dir='ltr'><strong>antro,</strong></span> 
     </span>
     <span class='ocr_line' id='line_1_31' title="bbox 312 3317 988 3400; baseline 0.003 -14"><span class='ocrx_word' id='word_1_208' title='bbox 312 3320 405 3386; x_wconf 87' lang='lat' dir='ltr'><strong>Dum</strong></span> <span class='ocrx_word' id='word_1_209' title='bbox 418 3335 471 3386; x_wconf 88' lang='lat' dir='ltr'><strong>tua</strong></span> <span class='ocrx_word' id='word_1_210' title='bbox 487 3338 563 3383; x_wconf 87' lang='lat' dir='ltr'><strong>uum</strong></span> <span class='ocrx_word' id='word_1_211' title='bbox 573 3319 682 3400; x_wconf 83' lang='lat' dir='ltr'><strong>tepidis</strong></span> <span class='ocrx_word' id='word_1_212' title='bbox 698 3323 801 3384; x_wconf 85' lang='lat' dir='ltr'><strong>avolet</strong></span> <span class='ocrx_word' id='word_1_213' title='bbox 816 3321 860 3383; x_wconf 85' lang='lat' dir='ltr'><strong>ira</strong></span> <span class='ocrx_word' id='word_1_214' title='bbox 871 3317 988 3388; x_wconf 86' lang='lat' dir='ltr'><strong>Notis:</strong></span> 
     </span>
     <span class='ocr_line' id='line_1_32' title="bbox 263 3403 1105 3486; baseline -0.001 -15"><span class='ocrx_word' id='word_1_215' title='bbox 263 3408 434 3471; x_wconf 86' lang='lat' dir='ltr'><strong>Immemor</strong></span> <span class='ocrx_word' id='word_1_216' title='bbox 450 3403 564 3466; x_wconf 85' lang='lat' dir='ltr'><strong>irarum</strong></span> <span class='ocrx_word' id='word_1_217' title='bbox 580 3403 705 3468; x_wconf 91' lang='lat' dir='ltr'><strong>tandem</strong></span> <span class='ocrx_word' id='word_1_218' title='bbox 720 3403 917 3468; x_wconf 91' lang='lat' dir='ltr'><strong>memoresto</strong></span> <span class='ocrx_word' id='word_1_219' title='bbox 933 3404 1105 3486; x_wconf 49' lang='lat' dir='ltr'><strong>precantia</strong></span> 
     </span>
     <span class='ocr_line' id='line_1_33' title="bbox 315 3487 1019 3574; baseline -0.001 -22"><span class='ocrx_word' id='word_1_220' title='bbox 315 3487 356 3552; x_wconf 89' lang='lat' dir='ltr'><strong>Et</strong></span> <span class='ocrx_word' id='word_1_221' title='bbox 371 3506 476 3569; x_wconf 83' lang='lat' dir='ltr'><strong>repara</strong></span> <span class='ocrx_word' id='word_1_222' title='bbox 491 3490 600 3550; x_wconf 82' lang='lat' dir='ltr'><strong>lacerae</strong></span> <span class='ocrx_word' id='word_1_223' title='bbox 619 3487 764 3574; x_wconf 73' lang='lat' dir='ltr'><strong>naufraga</strong></span> <span class='ocrx_word' id='word_1_224' title='bbox 779 3489 920 3551; x_wconf 84' lang='lat' dir='ltr'><strong>membra</strong></span> <span class='ocrx_word' id='word_1_225' title='bbox 935 3489 1019 3551; x_wconf 84' lang='lat' dir='ltr'><strong>ratis.</strong></span> 
     </span>
     <span class='ocr_line' id='line_1_34' title="bbox 202 3569 1048 3657; baseline -0.006 -17"><span class='ocrx_word' id='word_1_226' title='bbox 202 3593 243 3657; x_wconf 81' lang='lat'><strong>14</strong></span> <span class='ocrx_word' id='word_1_227' title='bbox 264 3570 299 3637; x_wconf 88' lang='lat' dir='ltr'><strong>Si</strong></span> <span class='ocrx_word' id='word_1_228' title='bbox 318 3588 412 3651; x_wconf 92' lang='lat' dir='ltr'><strong>quem</strong></span> <span class='ocrx_word' id='word_1_229' title='bbox 430 3569 565 3634; x_wconf 76' lang='lat' dir='ltr'><strong>lethiferi</strong></span> <span class='ocrx_word' id='word_1_230' title='bbox 581 3571 679 3652; x_wconf 85' lang='lat' dir='ltr'><strong>rapuit</strong></span> <span class='ocrx_word' id='word_1_231' title='bbox 695 3588 781 3636; x_wconf 86' lang='lat' dir='ltr'><strong>mors</strong></span> <span class='ocrx_word' id='word_1_232' title='bbox 792 3572 913 3636; x_wconf 85' lang='lat' dir='ltr'><strong>horrida</strong></span> <span class='ocrx_word' id='word_1_233' title='bbox 930 3571 1048 3656; x_wconf 74' lang='lat' dir='ltr'><strong>dextri,</strong></span> 
     </span>
     <span class='ocr_line' id='line_1_35' title="bbox 325 3652 1014 3737; baseline 0.001 -19"><span class='ocrx_word' id='word_1_234' title='bbox 325 3655 379 3718; x_wconf 84' lang='lat' dir='ltr'><strong>An</strong></span> <span class='ocrx_word' id='word_1_235' title='bbox 395 3652 516 3718; x_wconf 89' lang='lat' dir='ltr'><strong>rursum</strong></span> <span class='ocrx_word' id='word_1_236' title='bbox 532 3654 659 3735; x_wconf 90' lang='lat' dir='ltr'><strong>antiquo</strong></span> <span class='ocrx_word' id='word_1_237' title='bbox 673 3654 775 3720; x_wconf 87' lang='lat' dir='ltr'><strong>vivere</strong></span> <span class='ocrx_word' id='word_1_238' title='bbox 792 3675 880 3719; x_wconf 87' lang='lat' dir='ltr'><strong>more</strong></span> <span class='ocrx_word' id='word_1_239' title='bbox 895 3655 1014 3737; x_wconf 78' lang='lat' dir='ltr'><strong>potest?</strong></span> 
     </span>
     <span class='ocr_line' id='line_1_36' title="bbox 265 3734 1071 3823; baseline -0.002 -21"><span class='ocrx_word' id='word_1_240' title='bbox 265 3734 352 3823; x_wconf 76' lang='lat' dir='ltr'><strong>Ergo</strong></span> <span class='ocrx_word' id='word_1_241' title='bbox 369 3737 443 3821; x_wconf 85' lang='lat' dir='ltr'><strong>vigil</strong></span> <span class='ocrx_word' id='word_1_242' title='bbox 460 3736 577 3819; x_wconf 77' lang='lat' dir='ltr'><strong>semper</strong></span> <span class='ocrx_word' id='word_1_243' title='bbox 588 3756 713 3821; x_wconf 85' lang='lat' dir='ltr'><strong>mane0,</strong></span> <span class='ocrx_word' id='word_1_244' title='bbox 730 3738 910 3818; x_wconf 86' lang='lat' dir='ltr'><strong>semperque</strong></span> <span class='ocrx_word' id='word_1_245' title='bbox 926 3736 1071 3820; x_wconf 81' lang='lat' dir='ltr'><strong>manebo,</strong></span> 
     </span>
     <span class='ocr_line' id='line_1_37' title="bbox 329 3818 915 3902; baseline -0.002 -16"><span class='ocrx_word' id='word_1_246' title='bbox 329 3823 465 3886; x_wconf 88' lang='lat' dir='ltr'><strong>Intentus</strong></span> <span class='ocrx_word' id='word_1_247' title='bbox 484 3820 586 3885; x_wconf 84' lang='lat' dir='ltr'><strong>studiis</strong></span> <span class='ocrx_word' id='word_1_248' title='bbox 601 3820 692 3886; x_wconf 75' lang='lat' dir='ltr'><strong>noue</strong></span> <span class='ocrx_word' id='word_1_249' title='bbox 711 3818 822 3900; x_wconf 83' lang='lat' dir='ltr'><strong>dieque</strong></span> <span class='ocrx_word' id='word_1_250' title='bbox 838 3820 915 3902; x_wconf 81' lang='lat' dir='ltr'><strong>piis:</strong></span> 
     </span>
     <span class='ocr_line' id='line_1_38' title="bbox 270 3900 1119 3985; baseline -0.011 -13"><span class='ocrx_word' id='word_1_251' title='bbox 270 3900 400 3973; x_wconf 85' lang='lat' dir='ltr'><strong>Ultima</strong></span> <span class='ocrx_word' id='word_1_252' title='bbox 416 3907 471 3968; x_wconf 85' lang='lat' dir='ltr'><strong>lux</strong></span> <span class='ocrx_word' id='word_1_253' title='bbox 484 3903 584 3969; x_wconf 89' lang='lat' dir='ltr'><strong>donec</strong></span> <span class='ocrx_word' id='word_1_254' title='bbox 601 3905 786 3970; x_wconf 88' lang='lat' dir='ltr'><strong>volitantem</strong></span> <span class='ocrx_word' id='word_1_255' title='bbox 803 3904 821 3968; x_wconf 76' lang='lat' dir='ltr'><strong>i</strong></span> <span class='ocrx_word' id='word_1_256' title='bbox 836 3920 965 3985; x_wconf 87' lang='lat' dir='ltr'><strong>corpore</strong></span> <span class='ocrx_word' id='word_1_257' title='bbox 981 3914 1119 3965; x_wconf 87' lang='lat' dir='ltr'><strong>mentem</strong></span> 
     </span>
     <span class='ocr_line' id='line_1_39' title="bbox 327 3983 1189 4142; baseline -0.012 -84"><span class='ocrx_word' id='word_1_258' title='bbox 327 3983 473 4058; x_wconf 81' lang='lat' dir='ltr'><strong>Terteuu</strong></span> <span class='ocrx_word' id='word_1_259' title='bbox 489 3987 530 4054; x_wconf 81' lang='lat' dir='ltr'><strong>ad</strong></span> <span class='ocrx_word' id='word_1_260' title='bbox 546 3989 679 4137; x_wconf 53' lang='lat' dir='ltr'><strong>pauiuff</strong></span> <span class='ocrx_word' id='word_1_261' title='bbox 694 3988 791 4057; x_wconf 83' lang='lat' dir='ltr'><strong>ducat</strong></span> <span class='ocrx_word' id='word_1_262' title='bbox 807 3989 846 4055; x_wconf 85' lang='lat' dir='ltr'><strong>ab</strong></span> <span class='ocrx_word' id='word_1_263' title='bbox 863 3990 936 4054; x_wconf 80' lang='lat' dir='ltr'><strong>orbe</strong></span> <span class='ocrx_word' id='word_1_264' title='bbox 950 3990 1072 4070; x_wconf 87' lang='lat' dir='ltr'><strong>polum.</strong></span> <span class='ocrx_word' id='word_1_265' title='bbox 1102 4055 1123 4124; x_wconf 71' lang='lat' dir='ltr'>S</span> <span class='ocrx_word' id='word_1_266' title='bbox 1150 4074 1189 4142; x_wconf 50' lang='lat' dir='ltr'><strong>pe</strong></span> 
     </span>
     <span class='ocr_line' id='line_1_40' title="bbox 691 4077 1149 4147; baseline -0.007 -13"><span class='ocrx_word' id='word_1_267' title='bbox 691 4089 707 4134; x_wconf 88' lang='lat' dir='ltr'><strong>r</strong></span> <span class='ocrx_word' id='word_1_268' title='bbox 1043 4082 1081 4147; x_wconf 86' lang='lat'><strong>¹5</strong></span> <span class='ocrx_word' id='word_1_269' title='bbox 1125 4077 1149 4121; x_wconf 75' lang='lat' dir='ltr'><strong>a</strong></span> 
     </span>
    </p>
   </div>
   <div class='ocr_carea' id='block_1_2' title="bbox 0 0 1409 4800">
    <p class='ocr_par' dir='ltr' id='par_1_2' title="bbox 0 0 1409 4800">
     <span class='ocr_line' id='line_1_41' title="bbox 0 0 1409 4800; baseline 0 0"><span class='ocrx_word' id='word_1_270' title='bbox 0 0 1409 4800; x_wconf 95' lang='lat' dir='ltr'><strong> </strong></span> 
     </span>
    </p>
   </div>
  </div>
 </body>
</html>
