2792 4800
210 392 321 483 ,αιςι
593 360 791 479 JOBI

222 536 268 605 At
285 538 369 621 parer
388 551 423 601 ur
439 532 575 622 primirm
591 538 735 605 convivia
750 552 857 605 mutua
873 540 949 607 vidit

222 619 395 705 Impleviffe
411 620 496 686 vices
526 622 606 686 mist
622 622 676 703 qui
691 624 828 705 protinus
851 643 961 690 omnes

224 700 272 774 Ex
294 706 345 786 iet,
365 706 395 770 dr
411 671 534 770 munda
549 706 652 771 lullret
661 705 806 772 libamine
824 710 966 792 lympha.

226 726 292 872 lplg
309 802 414 853 autern
429 788 531 871 primi>
551 788 676 874 supplex
692 788 723 853 se
739 789 831 856 mane
849 790 966 858 serebat

226 874 311 939 Ante
326 892 403 956 aras,
422 872 514 937 saeris
529 874 657 938 adolens
669 875 886 940 holocaumata
903 875 1048 960 flammis,

225 955 289 1021 Pro
299 958 430 1022 numero
445 956 580 1024 sobolisr
601 954 733 1040 Narmsr
750 975 819 1020 mea
836 957 1095 1043 forstaminquir,

227 1038 403 1128 Progenies,
423 1039 559 1123 interque
576 1043 692 1124 epulas,
714 1042 850 1121 interque
876 1045 999 1128 lyaum,

227 1124 315 1208 Quid
329 1122 445 1190 temere
462 1121 581 1206 effudit,
596 1122 728 1206 fadove,
748 1140 800 1189 aut
816 1144 894 1189 voce
910 1123 1092 1194 Tonantem

127 1210 130 1218 '
163 1246 166 1253 ·
229 1206 481 1287 Laeserit,offens1
498 1208 629 1291 placabo
645 1208 780 1272 numinis
798 1207 866 1272 iras.

229 1291 327 1372 Inque
343 1290 408 1355 dies
424 1294 520 1355 talem
539 1288 570 1353 se
586 1289 754 1355 matutinus
770 1292 897 1376 agebat:
1139 1356 1145 1365 ,

229 1373 361 1456 Jamque
377 1374 479 1437 aderat
495 1388 627 1458 tempus,
646 1393 711 1453 quo
728 1374 812 1452 Jovae
830 1375 913 1438 celsa
927 1372 1106 1455 frequentes·

230 1457 320 1524 Atria
337 1458 493 1523 eoelicola
515 1458 671 1523 delebtant
689 1473 760 1520 ante
774 1477 828 1521 ora
849 1459 990 1539 parentis.

230 1538 317 1607 Ecce
333 1557 438 1606 antem
453 1540 592 1618 satanas:
614 1539 664 1603 cui
683 1541 723 1604 stc
741 1540 916 1604 moderator
936 1539 1065 1625 olympi,

230 1624 257 1689 F
259 1642 322 1707 are,
336 1642 402 1709 age,
422 1638 563 1707 tentator,
582 1623 693 1703 quibus
712 1622 771 1685 huc
795 1623 951 1687 adveneris
970 1624 1057 1687 oris?

231 1708 291 1773 llle
305 1719 421 1788 autem,
437 1705 540 1789 magni
557 1706 679 1769 circum
702 1706 851 1787 pomoeria
871 1707 978 1771 mundi

227 1788 311 1857 Erro
325 1787 384 1873 fui,
406 1792 436 1855 de
453 1793 539 1853 valla
552 1789 711 1873 peragravi
717 1790 825 1875 jugera
849 1804 955 1870 terrae3

230 1869 305 1938 Pars
322 1873 405 1937 orbis
422 1875 509 1938 nulla
525 1874 577 1953 est,
603 1870 693 1936 nollri
711 1891 774 1937 non
792 1875 882 1954 plena
898 1872 1024 1937 laboris}

230 1955 295 2021 Cui
312 1954 400 2021 Patet
414 1956 618 2037 omnipotens.
658 1952 865 2035 Nusquamne
885 1955 1037 2038 inspcsius
1061 1952 1156 2021 Iobus

232 2038 284 2105 En
296 2040 359 2123 tibi,
378 2039 424 2103 uir
436 2039 525 2105 nostri
542 2055 693 2121 metuens,
717 2058 780 2118 quo
795 2039 902 2122 justior
914 2044 990 2104 alter

234 2121 314 2187 Non
331 2138 435 2186 manet
450 2123 481 2190 in
497 2122 593 2204 terris,
605 2137 657 2186 aut
668 2122 874 2186 observantior
890 2124 992 2203 aqui?

220 2207 375 2288 scilicet,
394 2206 448 2269 ille
463 2206 542 2288 pius,
561 2204 647 2269 nulll
664 2204 808 2268 mercede
823 2202 1003 2271 Tonantem

233 2289 377 2371 Suspicit,
397 2288 511 2354 invidio
527 2288 647 2352 circum
665 2290 835 2353 munimine
850 2289 949 2370 septus

235 2372 401 2456 Undique,
421 2372 472 2436 cui
483 2374 576 2455 pleno
593 2371 737 2436 demanat
753 2372 843 2455 copia
858 2392 959 2437 cornu

182 2499 183 2502 =
234 2457 377 2539 celitus,
395 2457 523 2520 adverfis
542 2473 701 2536 nunquam
717 2470 829 2520 tentata
845 2455 992 2538 procellis
1010 2465 1021 2520 :ss

234 2542 331 2606 Verte
346 2542 429 2603 vices
444 2557 557 2624 rernm,
577 2537 707 2603 sortunre
729 2540 798 2604 nixa
814 2541 907 2604 beate

235 2619 342 2708 Terga
356 2624 438 2686 dabit
448 2623 552 2704 pietas,
572 2622 664 2703 inque
681 2643 718 2687 os
738 2623 880 2687 convicia
895 2622 1004 2687 fundet

235 2705 363 2789 Libera,
380 2705 620 2786 blasphemisque
633 2705 762 2777 lacesset
779 2720 809 2768 te
824 2705 1007 2771 maledidis.

235 2788 331 2854 Talia
346 2801 498 2854 tentator:
520 2788 571 2851 cui
587 2805 661 2850 mox
679 2788 814 2852 immittit
830 2789 959 2854 habenas
993 2825 997 2833 »

234 2873 459 2956 Omnipotens,
473 2870 683 2951 quidquidque
698 2873 796 2934 bonus
812 2873 940 2953 possedit
955 2873 1059 2955 Iobus,

220 2959 272 3028 ‘In
290 2957 398 3022 satanae
412 2954 496 3020 dedit
512 2955 571 3018 elle
587 2964 682 3017 nranu
691 2975 702 3032 3
722 2954 843 3018 tantum
861 2956 998 3038 imperat,
1013 2957 1084 3039 ipsu

235 3041 413 3119 Abstineat:
440 3058 503 3104 non
524 3039 586 3107 hac
605 3037 679 3100 hosti
703 3038 846 3103 concessa
866 3040 1005 3121 potestas.

233 3124 296 3193 His
312 3123 437 3188 monitis
455 3121 516 3185 sese
533 3121 704 3200 subducens
719 3120 797 3204 juss'a
808 3123 940 3203 capessit.

279 3206 320 3273 Et
334 3207 402 3290 jam
416 3220 535 3286 tempus
551 3220 624 3287 crat,
645 3220 722 3287 que,
737 3204 810 3272 nani
826 3207 942 3287 primus
958 3207 1025 3272 lobi

139 3369 142 3375 ,
237 3289 372 3372 Excepit
384 3288 490 3352 fratres
506 3289 614 3372 epulis,
636 3288 780 3370 carasque
795 3288 924 3372 sorores,

143 3391 145 3397 '
236 3372 382 3454 Vinaque
396 3373 530 3438 libabant
548 3372 619 3454 laeti,
635 3373 788 3456 genioque
802 3372 954 3437 favebant.

235 3455 324 3524 Ecce
339 3471 452 3536 autem,
471 3457 564 3519 celeri
580 3473 746 3519 accurrens
763 3456 901 3520 velocids
913 3455 1000 3521 Euro

150 3554 156 3566 ·
236 3537 377 3605 Nuntius
393 3543 556 3620 exclamat,
576 3542 755 3620 populantes
766 3559 836 3604 arva
853 3538 987 3622 Sabaeos,

235 3627 373 3691 intentos
390 3621 534 3704 operique
552 3626 656 3705 boves,
675 3619 828 3703 afinasque
838 3643 891 3705 per
901 3623 1026 3690 herbam

234 3705 407 3789 Pascentes,
427 3704 602 3770 eaefisferro
620 3705 807 3788 custodibus,
828 3724 938 3771 omnes

235 3788 423 3874 Diripuisse;
445 3788 517 3854 &se
534 3789 637 3852 solum
652 3789 800 3872 superesse
819 3788 928 3873 furori,

137 3878 139 3883 ’
234 3876 300 3958 Qui
316 3875 386 3956 Jobi
403 3888 519 3938 tantam
540 3873 663 3936 cladem
680 3875 821 3956 perferret
839 3875 876 3938 ad
893 3892 996 3940 aures

232 3953 296 4028 Vix
311 3973 348 4028 ea
357 3956 439 4026 sarus
456 3971 532 4042 erat,
546 3956 608 4023 sese
625 3956 702 4023 curn
719 3958 842 4028 nuntius
859 3960 935 4027 alter

1148 4034 1201 4109 ln·
