2792 4800
222 329 299 425 ,με
464 269 974 393 Εσοίεειωιε

286 440 355 528 'Per
371 459 473 529 scelus
489 475 582 543 atque
596 444 697 545 nefas,
718 458 825 527 rabido
841 438 1040 529 mordente
1056 464 1148 549 petttd

296 541 463 627 Serpentis,
482 543 585 609 n'i'edia
599 544 685 609 taciti
701 544 846 611 latiuantir
861 543 894 609 iu
908 546 1023 611 herba.

258 655 280 720 9
300 628 381 706 Sara
397 632 474 693 loco
490 627 681 712 quicumque
692 643 810 712 movet,
828 628 957 696 taleme
974 632 1019 695 ab
1037 630 1116 715 illim

190 755 193 761 -
300 708 376 781 N'e'd
391 707 487 776 facile
504 711 616 795 evadit,
635 711 725 777 findit
741 712 794 794 qui
812 711 897 798 ligna
911 712 1033 798 securi,

183 805 189 815 '
301 796 391 880 Quiri
407 795 470 860 iau
487 794 542 860 sua
558 815 647 859 crura
664 810 758 879 petat,
778 795 830 859 sibi
847 798 980 862 uulnera
996 799 1092 896 figat:
1151 832 1156 845 ·

303 879 371 963 Sic,
389 879 458 943 aliis
473 894 660 944 nocumenta
677 896 801 961 parans,
819 878 871 943 libi
886 881 1002 947 noxius
1023 884 1088 967 ipse
1101 880 1146 963 clip

303 964 358 1029 Sic
376 963 417 1046 dr,
433 961 583 1025 amicitias
598 964 713 1026 alienas
729 981 871 1044 rumpere
888 963 1035 1046 quisquis

303 1041 432 1127 Tentat,
450 1044 513 1109 sese
528 1045 609 1111 odiis
624 1046 759 1110 aliorum
775 1046 1053 1129 exponitacerbisi

245 1145 287 1202 ro
305 1129 339 1195 Si
355 1129 409 1195 tibi
424 1127 496 1194 ferri
513 1129 596 1193 acies
610 1129 753 1194 viduatur
769 1130 926 1214 acumine,
952 1150 1014 1196 nec
1031 1132 1071 1198 t'u
1090 1166 1094 1177 ·

305 1213 397 1280 Hanc
414 1231 545 1296 reparas,
564 1212 696 1296 tritoque
712 1211 792 1278 facis
806 1212 1009 1296 juvenescere
1026 1208 1113 1299 saxo,
1164 1232 1167 1239 ·

306 1295 394 1379 Quid
409 1296 463 1362 tibi
480 1296 568 1362 restat
584 1296 706 1362 adhuc?
724 1298 799 1361 tuuc
815 1297 846 1362 vi
862 1296 984 1379 majore
999 1296 1131 1364 sccuriiii

307 1380 467 1467 imprime,
486 1397 559 1447 tunc
576 1381 714 1463 geminas
731 1384 827 1466 plaga
843 1379 1044 1468 superaddito
1056 1383 1142 1447 utres:
1167 1462 1170 1469 Ι

307 1459 362 1530 Sic
380 1464 434 1529 tibi
451 1465 472 1530 fi
489 1463 611 1550 ingenii,
629 1468 680 1527 vel
697 1482 805 1546 opum,
825 1465 859 1528 iit
876 1484 968 1548 parva
983 1463 1130 1547 saeuius,

307 1542 407 1631 Quod
419 1547 502 1611 deest
515 1548 546 1609 in
567 1545 627 1609 cuii
641 1549 691 1611 vel
710 1566 818 1631 opum,
837 1566 877 1611 ne
891 1561 998 1631 coepta
1012 1551 1159 1631 relinqua

308 1630 383 1696 Hoc
400 1630 519 1694 labora
544 1628 647 1714 iduus,
665 1628 882 1713 duplicataque
898 1651 987 1716 cura,
1007 1632 1152 1716 rependat:

309 1715 384 1778 Hoc
400 1712 496 1779 docet
508 1711 675 1778 innumeris
695 1735 764 1795 quae
779 1715 810 1779 se
825 1714 970 1795 sapientia
987 1719 1083 1782 rebus

310 1793 415 1881 Didit,
434 1797 465 1864 de
480 1795 520 1860 ad
535 1795 636 1862 varios
651 1796 735 1863 varie
753 1798 785 1862 se
800 1799 1026 1865 accommodat
1043 1800 1122 1865 usus.

252 1904 287 1954 ir
312 1877 394 1944 Dira
407 1881 551 1976 veneficii
567 1881 686 1962 serpens
702 1883 778 1946 licet
792 1880 897 1965 inscia,
916 1885 1071 1948 membris

313 1965 454 2029 Vuliiera
471 1966 598 2030 tabifico
615 1965 681 2050 figit
700 1966 823 2029 lethalia
837 1964 958 2032 morsu:

310 2047 406 2192 &laud
423 2047 511 2112 aliter
526 2049 647 2109 lethum
663 2046 714 2111 dat
731 2048 916 2128 inevitabile,
935 2048 1021 2113 saevo

346 2134 462 2209 uiuere,
479 2129 638 2214 garrulitas
653 2129 765 2193 rabida
779 2129 938 2194 temeraria
955 2131 1085 2215 linguae'.

254 2229 293 2279 η’
313 2210 401 2278 Sicut
418 2211 503 2278 enim
518 2211 646 2294 sapiens,
664 2211 750 2278 recto
766 2212 978 2303 moderamine
996 2214 1120 2306 liiiguae,

315 2295 418 2363 Utilis
435 2297 495 2380 ipse
510 2297 562 2361 sibi
581 2296 635 2378 est,
655 2295 723 2361 aliis
741 2317 866 2379 quoque
882 2302 982 2362 multa
1000 2300 1140 2364 ministrat

314 2379 511 2461 Commoda3
533 2381 573 2445 sic
592 2380 712 2463 stultus,
729 2379 823 2446 frenis
841 2376 974 2446 ini'iibere
993 2385 1148 2466 loquelam

314 2463 466 2549 Nescius,
483 2468 619 2553 ingentes
633 2465 761 2547 aliisque
777 2465 891 2547 sibique
907 2465 1034 2532 dolores

315 2547 459 2632 Parturit,
478 2566 510 2615 at
523 2550 600 2614 verb
616 2550 751 2633 inprimis
769 2552 822 2615 fibi
835 2550 945 2615 noxius
962 2550 1024 2632 ipse
1041 2551 1097 2634 est,1

315 2629 457 2697 Obrutus
474 2633 534 2715 ipsu
551 2633 610 2696 suae
627 2635 703 2715 perit
718 2634 772 2695 illc
788 2634 931 2730 voragine
948 2635 1075 2720 linguae.

257 2735 294 2803 ¹3
315 2711 483 2779 stultitiam
498 2715 608 2795 effutit,
627 2717 683 2779 t'ari
702 2717 790 2779 fimul
807 2717 924 2799 incipit,
943 2731 975 2778 at
993 2717 1074 2781 crim

316 2795 511 2881 progreditur
526 2797 673 2876 sermonis
690 2799 756 2880 iter,
775 2799 945 2881 prorumpit
962 2800 995 2863 iri
1012 2817 1109 2866 omne

321 2881 501 2967 Flagitium,
520 2880 656 2963 laxisque
670 2880 776 2947 furens
794 2884 961 2947 bacchatur
977 2885 1115 2950 habenid.

256 2986 296 3050 14
315 2965 395 3031 Mos
414 2985 538 3048 quoque
555 2965 769 3032 ilultorumeil
783 2973 898 3033 multas
913 2967 1073 3033 effundere
1084 2985 1179 3050 uoces,

318 3051 481 3133 Verbaque
496 3047 663 3131 vaniloqui
680 3052 841 3116 cumulare
857 3050 1029 3134 improvida
1045 3050 1156 3137 lingui,

316 3130 440 3214 Speque
452 3131 629 3196 futurorum
645 3133 759 3200 stolido
775 3136 828 3201 sibi
844 3134 966 3219 pectore
983 3136 1136 3216 plaudunt

317 3213 413 3280 Anibi
457 3215 486 3298 l,
505 3215 582 3279 euni
599 3236 694 3282 nenio
710 3217 786 3285 sciat
802 3219 940 3285 mortalis
955 3218 987 3282 in
1005 3223 1082 3284 orbe

319 3297 407 3382 Quid
415 3235 499 3395 {grat
516 3300 1055 3382 horasequens21arirairrsubnoete
1073 3302 1182 3370 futura:

319 3380 438 3462 Ecquis
454 3383 539 3447 enim
553 3385 684 3448 tenebris
700 3389 784 3450 valet
800 3389 863 3451 haic
881 3387 1013 3451 educere
1029 3390 1142 3454 caecis?

261 3484 298 3549 ις
318 3464 493 3531 Stultorum
503 3486 610 3562 genus,
625 3468 792 3567 incassum,
811 3469 994 3552 frustriquc,
1014 3467 1147 3557 laborat,

317 3547 444 3632 Semper
460 3550 490 3614 dt
506 3570 537 3613 iri
553 3551 634 3615 curis
652 3554 807 3618 consumit
822 3555 960 3619 inanibus
976 3573 1090 3639 avum,

318 3631 410 3698 Nam
424 3651 529 3699 veram
546 3636 710 3716 quaerendo
725 3637 831 3718 nequit
847 3637 975 3720 reperire
992 3642 1138 3721 quietem.

260 3719 299 3782 16
318 3720 378 3794 Va
391 3718 457 3802 tibi,
477 3723 568 3785 terra!
591 3734 656 3784 tuas
673 3722 727 3785 ubi
740 3720 808 3786 Reii
820 3722 873 3802 qui
889 3719 997 3788 nablat
1015 3724 1147 3788 habenas

317 3801 370 3867 Est
386 3823 471 3886 puer,
489 3803 710 3900 indulgentque
724 3807 817 3891 gule,
837 3804 889 3887 qui
904 3806 976 3888 jura
990 3807 1174 3890 ministrant,

315 3881 486 3973 Mane-‚uui
500 3887 546 3953 sol
565 3887 690 3970 liquidis
703 3887 841 3973 primum
856 3906 951 3974 eaput
966 3892 1076 3961 exserit
1091 3892 1180 4042 und?

1091 3989 1131 4062 17
1175 3996 1182 4039 ι
