2792 4800
338 427 562 532 Hypermortls
588 434 803 533 Medicagier.
990 453 1065 539 495
1131 524 1136 532 .

85 570 161 647 Non
176 576 312 661 senibus,
331 595 397 643 uon
414 577 472 640 ille
490 589 583 641 nocet
597 575 765 658 puerilibus
782 572 880 661 aunis;

121 662 199 728 Nec
217 662 302 728 caruis
318 662 416 744 hunc,
437 661 562 745 gemino
578 678 654 724 cum
670 658 745 725 furit
763 659 843 748 igne,
860 669 951 730 vetat

85 747 197 814 Cetera
216 748 235 810 fi
254 746 352 811 vincit
368 745 478 827 rabies,
498 746 551 808 has
569 743 694 828 egerin
711 761 780 809 oras
853 815 855 820 ,

125 829 280 915 Naviget:
302 829 345 893 est
362 828 428 912 ipso
446 827 532 892 fonte
549 826 679 892 levanda
695 826 765 891 sutis.

85 916 164 1001 Quae
182 917 275 979 nullo
291 913 405 996 expelli
423 927 538 994 poterat
554 910 774 996 medicamine,
790 907 901 981 Druso

123 1001 321 1065 Herculeam
338 999 431 1061 tellus
447 995 564 1078 depulit
580 994 632 1059 ista
649 998 746 1059 luem.

85 1083 146 1150 Hic
167 1101 297 1164 quoque
313 1081 366 1163 qui
382 1081 486 1164 magni
504 1076 645 1145 Zenonis
660 1077 770 1162 scripta
783 1077 911 1167 refellit,

124 1168 338 1232 Helleborum
353 1164 486 1246 prudens
503 1184 567 1228 non
583 1163 679 1227 semel
696 1162 767 1227 ante
783 1162 868 1230 bibit.

85 1249 195 1331 Atque
211 1249 329 1314 utinam
345 1247 390 1311 his
406 1267 484 1335 aeger
498 1247 649 1331 purgasset
664 1244 788 1328 peeora
802 1246 915 1330 succis,

127 1335 214 1399 Ante
231 1330 306 1397 Deo
321 1331 444 1395 sacrum
460 1333 556 1413 quim
571 1328 711 1395 violasset
727 1332 821 1413 opus!

85 1413 241 1497 Liquilset
256 1431 395 1479 mentem
409 1416 508 1497 furor,
527 1429 581 1479 aut
596 1412 886 1492 moderatiorem:

127 1502 189 1565 Hei
205 1499 298 1564 mihi!
317 1519 399 1563 nunc
414 1499 513 1564 seram
528 1497 607 1562 ferre
622 1516 766 1581 paramus
783 1514 887 1581 opem.

85 1582 185 1664 Impia
203 1582 372 1647 crescendo
388 1584 483 1665 coepit
498 1582 653 1648 dementia
668 1583 759 1666 vires,

129 1667 193 1734 Vix
210 1666 305 1732 tribus
322 1667 480 1750 Anticyris
497 1666 618 1730 eederet
635 1666 686 1730 iste
701 1664 803 1732 furor.-

85 1744 141 1813 Ne
157 1766 262 1815 tamen
278 1748 330 1814 hic
346 1750 487 1815 animum
502 1749 674 1832 desponde:
695 1765 769 1815 vota
782 1746 958 1832 supersunt:

130 1834 209 1916 Quae
224 1834 298 1898 dare
312 1854 378 1899 non
394 1834 515 1916 poffunt
532 1848 646 1915 cetera,
666 1833 758 1916 posce
777 1831 878 1899 Deos.

85 1914 138 1983 Eu
154 1923 245 1982 locus
263 1916 414 1983 Ardenna
429 1919 461 1981 in
479 1916 592 2001 media,
611 1917 746 1981 secretus
763 1918 801 1983 ab
820 1914 907 1982 omni

130 2002 230 2084 Voce,
251 2001 306 2065 nisr
325 2002 344 2064 fi
359 2021 427 2082 que
442 2019 603 2065 murmura
616 1998 729 2066 fundat
744 2001 828 2068 avis:

85 2078 225 2167 Desuper
240 2085 410 2150 horrendus
425 2084 511 2171 nigri
528 2083 697 2149 formidine
711 2088 805 2149 lucus

127 2169 285 2250 Imminet,
304 2171 333 2233 br
350 2185 451 2234 totum
467 2169 586 2250 surripit
601 2171 712 2232 umbra
726 2167 826 2235 diem:

85 2251 121 2316 In
138 2252 247 2315 medio
262 2252 355 2322 veteri
374 2251 582 2315 circumdatur
597 2270 669 2313 area
685 2268 796 2330 muro:

128 2334 196 2400 Hic
215 2335 270 2397 stat
285 2334 317 2397 in
332 2335 442 2419 exigua
457 2333 575 2418 ligneus
593 2332 657 2395 aede
672 2328 780 2402 Deus:

85 2418 224 2484 Huberti
241 2434 417 2501 cognomen
433 2418 531 2479 habet.
573 2414 657 2480 Non
674 2435 768 2497 parva
783 2415 913 2498 potestas

129 2499 299 2582 Numinis,
319 2497 370 2563 hic
388 2516 580 2581 quamquam
595 2515 753 2564 marmora
769 2502 858 2564 nulla
872 2493 972 2565 vides·

87 2585 152 2651 Res
171 2584 337 2648 hominum
353 2583 451 2646 varias
466 2582 631 2647 sustentans
648 2582 766 2664 Jupiter
780 2582 860 2647 olim

129 2668 297 2752 Ingemuit,
314 2667 409 2732 dorso
424 2665 501 2730 etim
554 2685 609 2729 ave
624 2665 715 2730 senfit
729 2687 820 2731 onus.

88 2749 176 2817 Tum
191 2752 329 2833 primium
343 2751 482 2833 reliquis,
498 2772 515 2816 a
550 2748 614 2814 sese
629 2749 661 2816 in
678 2748 758 2815 tedia
773 2747 904 2831 vocatis,

128 2836 257 2898 Partem
273 2837 372 2899 oneris
387 2835 482 2900 fertur
498 2833 676 2899 distribuisse
692 2832 775 2900 Diis.

89 2918 220 2985 eunetis
239 2917 292 2983 dat
308 2918 392 2998 quod
411 2933 516 3002 agant:
537 2917 632 2982 Latio
647 2918 697 2980 hic
715 2916 808 3000 favet,
828 2918 906 2982 alter
923 2911 1038 2998 Iberia

126 3002 282 3066 Tutelare
301 3003 396 3067 Getes
414 3020 541 3084 numen,
561 3003 591 3066 ar
609 2999 706 3066 Indus
722 3002 821 3065 habet.

88 3086 166 3152 Sunt
184 3085 295 3165 quibus
312 3086 470 3149 artificum
488 3104 568 3148 cura
581 3084 623 3148 est
638 3104 735 3168 genus
752 3102 862 3163 omne;
882 3095 1048 3166 patronum

127 3172 194 3234 Fur
210 3170 310 3249 habet,
330 3171 360 3234 ὅ(
377 3172 452 3232 leno
466 3167 692 3251 sacrilegusque
706 3167 807 3233 suum.

90 3253 199 3318 Abluit
217 3253 268 3316 hic
286 3253 427 3334 strumas,
445 3255 522 3316 alter
538 3253 671 3335 collyria
685 3251 775 3334 lippis

128 3337 236 3417 illinit,
258 3336 309 3398 hie
327 3336 434 3399 dentes
450 3335 538 3418 eruit,
559 3335 613 3398 ille
630 3336 720 3418 polit.

88 3419 126 3484 Et
144 3421 230 3482 canis
246 3421 276 3484 dt
294 3424 403 3502 vulpes
419 3420 448 3484 or
466 3420 556 3482 habet
571 3417 625 3483 sua
640 3418 769 3484 numina
784 3437 915 3503 porcus:

128 3502 268 3582 Suntque
283 3504 396 3582 quibus
413 3522 495 3567 curae
511 3502 630 3584 musca,
649 3503 773 3585 cicada,
792 3507 907 3587 pulex:

85 3583 218 3668 Singula
234 3588 299 3664 quis
316 3587 479 3651 numeret?
521 3582 630 3650 Nemo
646 3585 802 3653 indotatus
817 3586 924 3664 abivit,

129 3668 266 3732 Munera
280 3670 426 3734 restabant
442 3669 645 3735 distribuenda
661 3670 739 3734 dun.

85 3749 199 3814 Nemo
215 3751 266 3830 qui
281 3752 389 3815 viduas
405 3754 548 3817 thalamis
564 3753 725 3834 prohibere
739 3752 895 3835 secundis,

129 3831 241 3897 Nemo
256 3837 306 3915 qui
324 3837 441 3902 rabiem
455 3841 571 3919 pellere
587 3835 685 3918 posset
705 3850 779 3900 erat.

85 3919 166 3993 Haec
184 3914 257 3978 dum
275 3919 444 3985 detrediant
459 3938 581 4004 omnes,
602 3921 765 3986 Hubertus
781 3918 879 3983 asello

128 3996 245 4066 Vedius
261 4002 355 4088 adest,
374 4004 446 4071 huic
464 4022 539 4072 mox
555 4004 642 4090 optio
657 4000 744 4072 fabia
758 4002 821 4071 seni
839 4002 891 4072 est.
981 4078 1079 4167 Elige
