2792 4800
471 426 630 508 CAP.
681 428 733 507 X.
1027 381 1098 533 aas

112 571 269 661 Crimine,
288 593 353 640 non
368 572 464 638 aufim
481 587 586 637 tamen
603 572 662 652 hoc
683 569 831 637 inducere
847 582 988 643 mentem

114 661 270 749 Ignarum,
293 660 323 724 dt
341 657 457 722 misera
474 656 664 740 spernentem
681 655 770 723 radia
787 653 867 721 vitu.

157 744 276 811 Unum
294 742 324 805 id
342 760 393 804 mc
409 756 543 824 torquet,
563 758 701 822 quonam
718 738 893 806 discrimine
906 739 1014 833 justos,

116 828 311 912 injustosque
327 826 410 891 viros
428 824 536 889 mundi
554 822 718 889 distinxerit
736 822 863 891 audior?

118 913 268 993 Utraque
284 928 386 975 nonne
402 909 486 973 vides
504 908 622 990 paribus
640 927 714 995 gens
731 908 894 991 quomodo
909 912 1009 995 poenis

116 996 303 1081 Fungimur,
323 995 351 1059 dt
370 992 475 1056 similis
494 991 623 1074 patimur
639 991 824 1075 compendia
840 993 924 1060 lethi.

118 1078 233 1160 thue
249 1078 302 1142 sud
320 1075 405 1141 omui
447 1091 512 1140 tens
530 1073 645 1141 Redor
660 1076 785 1142 securus
803 1075 931 1144 abarce

118 1164 267 1228 innocuae
282 1160 382 1225 ridens
413 1156 510 1256 pectet
525 1160 692 1224 tentamina
706 1160 795 1224 vita?

118 1244 240 1310 Nonne
257 1244 337 1309 orbis
354 1241 438 1306 dedit
456 1243 583 1306 immani
600 1241 718 1307 feritate
734 1242 868 1327 tyrannis

120 1329 223 1394 Frena
237 1335 347 1408 manu,
368 1326 523 1391 &mundi
539 1324 645 1406 passim
661 1323 797 1408 prefecit
814 1328 936 1393 habenis

119 1413 275 1477 Attifiecs
290 1411 461 1475 scelerum?
484 1428 617 1490 quorum
634 1411 788 1474 velamine
803 1413 908 1477 vultus

120 1494 264 1581 obtegit,
284 1510 317 1559 ut
335 1514 422 1558 caco
437 1493 566 1557 titubent
581 1512 633 1576 per
650 1493 738 1558 devia
755 1490 865 1581 gressu,

121 1581 330 1663 Ignorentque
347 1578 424 1658 aqui
443 1580 525 1674 leges
542 1579 630 1641 turba
647 1576 743 1641 inscia
757 1575 831 1642 redii
837 1598 848 1656 ;

122 1665 203 1729 Haec
221 1659 324 1745 Deus,
342 1659 423 1725 anne
439 1664 518 1725 altus
535 1660 698 1741 quisquam
734 1660 852 1728 rafiniit
867 1658 994 1733 sudori

163 1743 247 1810 Non
264 1744 355 1810 cititis
371 1744 506 1808 summas
528 1743 580 1824 qui
598 1744 648 1809 vix
666 1682 741 1826 pede
758 1744 841 1810 ledit
857 1766 962 1815 arenas

122 1827 243 1894 Cursor
259 1828 333 1910 abit,
351 1842 481 1893 ventove
497 1826 568 1891 ratis
586 1827 688 1891 delata
703 1827 851 1911 secund0‚

122 1914 191 1978 Aut
208 1911 334 1995 pavidae
350 1911 453 1991 aquila
469 1910 500 1974 in
516 1909 634 1992 campis
650 1908 763 1977 senata
780 1912 954 2001 columbas,

121 1996 232 2144 gudm
250 1994 339 2059 nostri
354 1991 461 2082 fugere
478 1993 555 2077 dics,
574 2013 630 2058 nec
646 1994 760 2142 gaudia
776 1995 846 2062 vitu

157 2080 318 2163 arpsrmus‚
337 2092 389 2143 aut
406 2076 504 2142 miseri
523 2077 645 2142 latisin
670 2079 794 2145 ulsrmus
817 2080 915 2148 annis.

125 2163 213 2245 Sape
231 2161 304 2243 mei,
324 2162 409 2244 dico,
427 2161 549 2226 venient
567 2161 679 2228 oblivia
696 2160 810 2247 luditis,

125 2246 235 2327 Atque
252 2246 300 2309 irae
318 2246 444 2312 statuam
462 2246 568 2325 finem,
588 2246 744 2327 positoque
758 2245 863 2312 furore

124 2329 319 2395 Mulcebunt
335 2328 490 2416 placidam
506 2328 630 2391 tandem
646 2329 755 2396 solatia
769 2347 917 2399 mentem.

127 2414 189 2480 Sed
206 2412 293 2478 dirus
310 2414 429 2477 circum
446 2431 649 2477 erumnarum
665 2414 804 2478 exaestuat
818 2417 936 2498 horror,

130 2495 341 2576 Perceilitque
358 2496 509 2574 animum,
530 2515 586 2557 nec
603 2512 704 2559 turne
721 2495 850 2560 crimine
867 2496 1020 2568 mundum

128 2577 307 2645 Decernes:
330 2577 489 2662 Quorsum
504 2594 583 2640 vana
599 2579 660 2642 hac
678 2596 730 2641 me
746 2597 822 2641 cura
837 2577 961 2668 fatigat?

129 2662 231 2748 Quod
248 2662 323 2725 mihi
342 2663 363 2726 ii
380 2661 471 2725 niveo
488 2658 605 2725 candor
620 2675 748 2726 certaret
763 2663 855 2748 olori,

133 2749 276 2813 Involvet
290 2765 397 2828 coeno,
418 2747 446 2811 dr
464 2745 632 2809 lutulentos
647 2745 784 2827 protinus
800 2761 882 2814 artus

132 2829 270 2911 Polluet‚
291 2830 320 2893 δι
339 2833 428 2893 nullo
444 2826 548 2893 sordes
566 2830 679 2894 celabit
693 2827 821 2894 amicita.

131 2909 208 2977 Nec
226 2911 316 2976 nostri
335 2910 376 2974 est
395 2909 511 2991 similis,
531 2929 605 2975 curn
623 2932 687 2993 quo
702 2913 890 2979 contendere
904 2917 1025 3008 poffins,

135 2994 356 3078 Omnipotens,
376 2993 463 3057 nobis
481 3013 537 3056 nee
555 2994 585 3057 se
603 2994 791 3092 interponere
807 2998 971 3080 quisquam

132 3079 271 3160 Audeat,
289 3077 412 3143 arbitrio
427 3076 515 3141 litem
531 3077 583 3157 qui
599 3091 741 3144 terminet
758 3098 857 3160 equo.

135 3162 269 3247 Virgam
284 3159 380 3244 aufer,
400 3155 488 3224 Deus
504 3163 601 3226 alme!
624 3164 653 3226 dr
671 3179 721 3224 me
738 3165 901 3232 terroribus
917 3167 976 3238 istir

128 3244 258 3325 Exime,
277 3259 345 3310 tum
360 3245 428 3309 vite
445 3241 525 3306 farer
542 3243 618 3307 beni
636 3245 778 3310 conscius
795 3244 869 3314 ade

133 3325 317 3413 Intrepidus,
335 3326 446 3394 timido
460 3345 517 3391 nec
535 3344 587 3391 mc
603 3326 743 3395 sermone
760 3344 869 3397 tuerer.

439 3548 671 3632 CAP.
758 3547 814 3633 X.

210 3737 244 3804 T
262 3758 357 3820 nunc,
377 3740 476 3806 invisae
493 3741 642 3822 quoniam
657 3759 708 3805 me
724 3742 812 3807 tedia
828 3746 897 3812 vite

232 3823 417 3907 Sollicitam,
438 3826 518 3889 sevo
531 3825 620 3909 juvat
636 3822 792 3909 indulgeri·
809 3828 920 3895 dolori.

137 3905 195 3972 Nc·
212 3925 263 3969 me
280 3907 482 3994 condemnes,
502 3911 616 3993 queso,
634 3907 744 3973 venim
761 3913 819 3974 ede
834 3913 964 4004 roganti,

135 3990 269 4076 judicio
287 4006 413 4063 mecum
430 4013 486 4065 cur
503 3993 663 4081 experiaris
681 3994 809 4085 inquot
1001 4072 1035 4150 s,
1078 4071 1086 4094 ,

100 4107 112 4131 ι
1027 4092 1128 4150 icelii·
