2792 4800
228 408 318 485 -274
392 380 672 462 ruenni
717 386 1064 492 Jnnanrsn
1126 400 1130 407 ’

245 521 332 591 curn
342 522 1066 612 plagasretoloplancianabsynthiatmcntem

290 606 408 675 Lurida
425 611 501 673 citm
517 610 645 675 subeunt
662 612 765 675 toxica
782 625 852 691 pota
868 629 984 678 meam.

247 690 293 758 At
303 695 465 775 postquam
475 698 537 759 hac
548 698 615 759 alto
630 693 752 757 rursum
766 693 820 757 sub
832 693 955 775 penore
970 697 1070 782 versa,

290 775 366 857 Spes
383 778 503 842 rursum
519 777 607 843 nobis
624 783 746 859 Pectora
762 776 871 842 rnoetta
887 776 982 845 fovet.

248 857 380 926 Summa
398 858 460 927 Dei
476 862 518 925 est
535 862 664 943 bonitas,
683 861 805 924 summa
821 860 864 924 est
881 862 1048 929 clementia
1063 862 1162 947 Jon,

290 942 386 1027 Quod
401 943 529 1028 superest
549 945 640 1009 nostri
658 944 753 1030 gratia
769 944 834 1008 sola
849 942 919 1009 fuit.

248 1023 342 1092 Certa
359 1028 435 1093 fider
451 1028 551 1111 dietis,
570 1027 658 1095 raetis
674 1027 841 1093 constantia
855 1028 976 1096 sunum
992 1028 1046 1114 est,

291 1109 374 1176 Solis
392 1126 425 1175 ut
440 1110 510 1176 Eoo
526 1112 578 1193 qui
594 1112 676 1175 vehit
691 1130 747 1174 are
763 1112 857 1173 dicm.

249 1193 285 1258 In
301 1206 331 1257 te
359 1192 452 1274 Jova!
469 1196 542 1258 mihi
557 1194 671 1259 fiducia
685 1211 750 1259 tota
766 1193 929 1281 recumbit,

289 1242 392 1366 Esipue
407 1278 516 1362 animae
534 1294 565 1343 tn
585 1278 648 1343 sors
666 1279 721 1341 illa
737 1281 823 1341 beata
838 1295 925 1343 mete.

249 1356 329 1439 Jova
347 1364 460 1445 bonus,
473 1365 494 1427 ti
513 1362 581 1443 quis
598 1361 647 1444 spe
665 1382 729 1426 non
746 1361 883 1426 confidat
900 1361 997 1444 inani,

292 1442 405 1525 Abque
422 1444 577 1510 salutifera
595 1446 721 1527 pendeat
739 1446 805 1528 ejus
824 1465 892 1526 ope.

250 1526 337 1593 rein
355 1526 376 1591 ὀ
394 1530 525 1592 nimium
541 1530 648 1593 teneris
666 1528 719 1609 qui
736 1528 892 1592 assueverit
907 1529 1007 1609 annia,

293 1610 357 1676 Sub
371 1610 471 1675 ferula
487 1609 619 1676 Domini
636 1611 801 1676 sustinuisse
813 1613 941 1696 jugum!
1066 1612 1070 1620 '

251 1694 340 1759 Felix
358 1695 411 1775 qui
428 1694 537 1758 tacitns
557 1698 634 1759 lavo
651 1696 711 1759 fine
728 1712 886 1759 murmure
903 1692 1027 1778 perfert,

292 1774 360 1840 Ora
375 1796 482 1862 gerent
498 1778 569 1843 tristi
586 1781 796 1861 pulverulenta
812 1779 882 1842 situ!
1064 1857 1067 1863 A

251 1857 341 1923 Felix
359 1861 410 1939 qui
427 1860 518 1927 foedae
536 1864 646 1944 patitur
664 1862 805 1926 convicia
821 1862 944 1945 lingua,

290 1940 331 2006 Et
348 1944 443 2029 plagis
459 1947 530 2010 iaeto
547 1946 669 2030 porrigit
684 1965 737 2009 ore
754 1948 862 2030 genas!

174 2030 180 2037 “
251 2023 381 2091 Sciiicet
396 2029 568 2110 exspectant
585 2027 777 2111 Dominum,
794 2028 845 2109 qui
864 2030 1002 2110 tempora
1021 2026 1154 2115 signant,

293 2108 424 2175 Auxilio
438 2130 610 2191 numquam
622 2111 728 2175 definit
744 2110 802 2175 css'e
814 2112 888 2174 suis«
977 2163 981 2174 .

138 2206 142 2220 '
251 2189 403 2259 Moestitid
420 2195 537 2277 aflicit,
553 2193 604 2259 sed
624 2195 676 2275 qui
691 2194 790 2258 modo
805 2198 932 2258 vulnera
944 2190 1036 2278 fecit,⁴

294 2277 354 2342 Ille
370 2276 453 2339 idem
471 2277 627 2341 medicam
640 2296 715 2343 mor
732 2277 784 2342 tibi
803 2276 908 2341 reddet
923 2296 1029 2359 opem.

252 2359 382 2445 Invitus,
400 2358 508 2443 fateor,
528 2365 604 2425 tales
622 2360 652 2424 se
669 2361 804 2425 accinxit
819 2361 848 2425 in
865 2360 937 2443 irat,

293 2441 366 2508 Nec
385 2446 503 2528 proprii
522 2463 713 2526 quemquam
729 2445 834 2526 sponte
851 2447 945 2525 perire
963 2445 1062 2525 cupit.

252 2527 348 2612 Quod
366 2533 489 2595 calcant
505 2530 609 2611 inopes
626 2529 712 2592 crudi
729 2530 803 2612 juga
817 2528 894 2592 sava
910 2528 1041 2613 tyranni,

294 2610 428 2692 Jutaque
444 2628 617 2694 pervertunt
630 2611 768 2676 insidiosa
784 2610 858 2693 piis:

253 2693 348 2776 Quod
368 2698 447 2757 nulli
465 2697 506 2759 esi
524 2697 600 2774 aequi
617 2696 704 2774 tati0‚
726 2697 879 2776 flettirquc
896 2695 1027 2759 tribunal

295 2777 405 2844 Gratia
424 2782 473 2841 vel
493 2796 621 2855 mnnut3
643 2796 720 2840 num
736 2782 843 2859 probat
860 2777 910 2841 ina
928 2775 1037 2842 Deus?
1153 2794 1155 2799 ·

252 2862 353 2929 Unde
370 2861 432 2925 hac
450 2861 518 2926 sunt
533 2861 633 2943 dicer,
651 2861 671 2924 fi
688 2860 766 2940 Jova
784 2861 862 2926 haud
880 2861 988 2925 fecerit
1004 2855 1139 2926 audior?

294 2945 387 3012 Num
407 2947 499 3027 bona,
519 2963 620 3008 nonne
638 2943 706 3025 ejus
722 2944 824 3025 prodit
838 2947 875 3007 ab
892 2966 944 3008 ore
960 2943 1101 3010 malum?
1138 2987 1148 3007 .

251 3032 319 3098 Cur
336 3043 443 3093 contra
461 3027 573 3107 Jovam
588 3025 676 3091 diuis
694 3027 818 3110 insurgit
833 3028 956 3110 iniquis,

292 3113 356 3196 Qui
375 3130 431 3192 pro
449 3111 582 3192 peccatis
598 3111 648 3173 vix
666 3112 733 3173 leve
749 3110 837 3175 sentit
854 3113 951 3175 onus?

250 3199 337 3286 Quin
355 3193 475 3258 nosmet
491 3192 591 3275 potitis
608 3193 726 3258 trutina
744 3193 951 3258 moderamine
967 3192 1058 3260 tedia

292 3279 471 3355 Pendimus,
492 3278 521 3341 a
537 3276 624 3340 verso
639 3275 800 3343 fundimur
816 3298 869 3342 ore
887 3279 1012 3359 preces?

251 3367 348 3435 Alme
365 3359 469 3426 Dcur!
493 3360 545 3441 qui
562 3363 678 3441 templa
693 3365 773 3426 colis
789 3366 898 3444 procul
916 3359 1167 3446 ardua'olympi,

292 3444 422 3526 Respice
441 3463 523 3508 nunc
541 3443 646 3525 pansas
664 3442 695 3507 in
711 3445 760 3525 pia
777 3460 848 3510 vota
864 3460 987 3509 manus.

251 3531 339 3612 Nos,
353 3528 451 3592 chetti
464 3545 576 3590 curvor
592 3526 750 3606 sequimur
766 3549 818 3609 per
833 3526 922 3592 devia
930 3525 1067 3676 l{pessum
1122 3603 1124 3605 .

293 3615 433 3681 Externa
450 3612 557 3691 procul
575 3609 644 3674 hinc
664 3611 762 3675 orbita
780 3612 854 3696 legis
872 3611 929 3675 abe
956 3658 967 3675 .

248 3695 408 3775 Defetirix
426 3713 500 3779 gens
517 3693 615 3759 nostra
629 3691 689 3758 suit
708 3694 900 3777 populusque
916 3693 1057 3778 rebellis,

291 3781 371 3848 Non
387 3775 513 3859 impune
531 3789 696 3842 tamen‘res
716 3778 862 3843 scelerata
877 3778 959 3842 tulit.

247 3863 439 3944 persequeris
458 3882 514 3925 nos
532 3880 619 3926 more
635 3860 736 3944 hostis,
756 3877 846 3943 atque
863 3861 980 3947 obtegis
998 3856 1059 3945 iti,

286 3948 362 4024 Nec
380 3947 476 4015 finem
492 3944 595 4014 cladis
610 3945 747 4016 bellicus
763 3946 847 4014 emit
856 3945 963 4012 habet
1067 4079 1073 4092 ι
1164 4009 1222 4103 ‚rei
