2792 4800
448 429 608 513 clla.
661 423 812 513 xum.
1052 433 1126 543 235

138 579 277 650 Umbra
294 577 393 663 instar,
412 577 527 662 primo'
540 572 638 643 Titan
655 593 751 661 quam
773 572 889 645 territat
903 593 981 650 otro.

139 667 205 734 Res
224 656 363 729 mitanda
379 664 449 763 piis²
470 662 548 727 cum
564 662 661 746 pravis
678 661 820 744 prospera
838 666 950 732 cedant

140 749 274 834 Omnia,
294 767 424 830 quoque
440 750 512 811 rllos
531 745 648 811 sanctas
666 746 818 809 accendat
839 746 870 810 in
887 748 956 815 iras.

137 833 185 900 At
201 852 267 898 non
285 834 348 895 haec
368 849 561 913 quacunque
582 830 639 912 piis
655 827 725 894 sunt
741 828 829 893 todia
843 830 923 917 vita,

139 916 267 999 Jullitiae
284 916 372 983 nobis
389 913 532 995 studium,
551 913 716 979 &virtutis
733 930 873 977 amorem

138 1000 189 1068 Ex
202 999 314 1063 animis
333 999 438 1062 delere
458 1010 595 1081 queunt:
617 996 670 1062 sed
691 992 763 1059 fida
780 996 907 1066 labascit

139 1084 333 1233 Imffictana
355 1082 426 1146 itata
448 1081 550 1165 malis,
571 1080 688 1145 fiducia
704 1080 813 1144 contrd

137 1167 178 1317 ὓ]
206 1184 331 1232 oruma
356 1165 434 1231 tduit
456 1165 566 1230 crescit
582 1165 703 1229 firmata
718 1164 875 1246 procellis.

178 1271 222 1317 on
239 1249 386 1332 equidem
401 1246 536 1314 vestrum
551 1248 699 1330 cuiquam
716 1247 875 1330 prudentia
891 1267 972 1317 curo
988 1252 1041 1338 cst,

139 1336 218 1403 Huc
238 1352 326 1398 aures
344 1332 472 1419 ergo&
489 1348 643 1403 memoret
664 1330 833 1395 convertite
848 1346 977 1400 mentes.

181 1418 255 1500 Jam
270 1416 338 1481 vita
353 1416 438 1501 exegi
454 1415 595 1499 spatium,
615 1414 844 1498 pracordiaque
858 1413 929 1481 imis
993 1439 998 1447 ¹

137 1499 305 1570 Deficiunt
320 1500 417 1583 tibris,
435 1516 633 1581 extremaque
654 1515 784 1563 munera
806 1499 899 1563 clarae

137 1586 240 1653 Lucis
257 1584 367 1649 iubent
384 1587 508 1665 oculos,
528 1600 602 1647 mox
620 1596 686 1645 atto
703 1586 820 1646 vellere
835 1583 944 1648 mortis

139 1670 267 1750 Induat,
284 1667 398 1733 &tristi
453 1669 532 1731 llens
550 1665 755 1732 circundabor
772 1665 892 1732 umbri.

137 1753 173 1820 si
194 1752 269 1817 mihi
287 1751 353 1833 spes
375 1771 408 1814 rc
451 1765 463 1816 t
481 1750 575 1814 solius
600 1766 683 1814 certa
699 1748 842 1831 sepulcri,

137 1836 181 1905 Et
197 1833 315 1901 lobium
333 1834 462 1900 sternam
482 1833 642 1899 tenebroso
659 1833 766 1897 mortis
783 1832 931 1924 inantro,
994 1825 998 1834 ’

137 1920 193 1987 Ac
207 1918 306 1984 foveo
324 1917 439 2001 dicam,
459 1918 577 2010 genitor
593 1916 766 1981 dulciffime
784 1921 910 1984 rerum!

135 2003 181 2071 Et
195 2001 306 2085 vermi,
319 2000 415 2085 soror,
436 2002 465 2067 ἀ
482 2015 580 2065 mater
595 1999 757 2083 catiffima‚
776 1998 881 2065 salve!

136 2085 232 2154 Tum
248 2084 395 2171 quorsum
410 2082 554 2171 promissa
569 2084 690 2168 cadent,
712 2102 780 2168 qua
796 2082 932 2150 maxima
948 2084 1036 2160 uobis

135 2172 166 2241 F
167 2168 281 2258 ingitis,
303 2168 459 2237 &mundi
509 2186 541 2233 cr
557 2167 711 2237 ostentatis
729 2167 857 2233 inanes?

133 2253 225 2324 Cum
241 2269 327 2322 mors
348 2251 461 2323 cuncta
475 2168 569 2322 [ἕψοι
588 2253 693 2331 lethali
709 2255 844 2329 vulnere
855 2252 973 2325 sternet.

391 2483 426 2563 C
483 2482 523 2563 A
578 2481 623 2558 Ρ.
681 2472 842 2561 xv'lll.

215 2669 298 2738 Une
316 2669 362 2734 his
378 2671 515 2741 offensus
531 2669 641 2736 Bildad
659 2669 711 2734 fibi
727 2671 865 2753 proxima
881 2668 968 2739 sandi

235 2756 308 2837 Jura
325 2756 428 2837 capit3
450 2753 649 2836 nunquamne
675 2754 728 2818 tibi
744 2754 890 2838 jaciantia
910 2758 1006 2822 finem

134 2840 287 2923 Inveniet,
300 2840 496 2921 monitusque
510 2840 614 2904 sacros
631 2839 684 2902 sub
702 2839 825 2920 pectore
837 2841 912 2924 liges

132 2923 283 3007 Indocili,
304 2923 429 2986 &caris
445 2919 551 2987 aurem
569 2921 867 3005 prebebis'atnicis?

134 3007 206 3074 Cur
222 3027 280 3071 ceu
296 3006 384 3070 bruta
400 3005 454 3069 tibi
470 3024 581 3089 pronas
598 3004 761 3087 spectantia
777 3020 869 3070 terras

132 3089 347 3175 Despicimur,
361 3088 489 3187 vilisque
507 3089 595 3154 inllar
611 3087 814 3153 sordescimus
831 3087 933 3189 alga?
1076 3154 1078 3162 ,

131 3176 162 3246 F
163 3196 225 3262 are,
268 3176 315 3242 uis
331 3172 497 3238 indomitas
520 3186 619 3238 tantus
637 3172 724 3236 furor
740 3173 852 3237 excitat
870 3170 953 3235 tras?

130 3257 229 3327 Num
244 3193 345 3322 florido
360 3256 501 3340 impellas
511 3256 649 3321 stabilem
663 3252 844 3319 fundamine
859 3252 998 3320 terram?

131 3343 175 3413 Et
192 3343 282 3407 firma
298 3340 411 3433 potetis
430 3360 517 3427 rupes
536 3337 554 3403 ὲ
571 3337 643 3404 sede
661 3338 811 3403 movere?
930 3405 937 3420 ,

130 3427 174 3497 Et
192 3428 313 3491 coelum
331 3437 427 3507 tene,
444 3425 597 3490 &terram
618 3421 761 3488 miscebis
779 3421 933 3506 olympo?

130 3509 205 3579 Lux
224 3507 333 3591 impuri
354 3507 498 3592 bominis,
517 3510 619 3572 multo
635 3507 655 3571 fi
672 3505 828 3589 splendeat
842 3506 923 3595 igne,

130 3593 219 3662 Mox
236 3592 448 3680 exstinguetur,
464 3591 564 3657 tenuis
581 3591 641 3656 dne
657 3590 775 3654 lumine
791 3592 928 3670 flamma,

130 3675 205 3745 Lux
224 3675 287 3740 sese
309 3676 340 3745 in
357 3679 494 3741 tenebras
510 3688 633 3741 vertet:
655 3693 713 3739 nec
731 3673 881 3756 lampadis
900 3671 973 3746 usus

131 3760 237 3826 Ullus
249 3759 316 3842 erit,
332 3778 484 3841 caecaque
493 3773 595 3846 tegent
610 3758 739 3822 tentoria
759 3755 875 3822 noues.

131 3839 274 3910 Deficiet
290 3844 395 3925 robur,
416 3863 473 3908 nec
491 3861 579 3914 mens
596 3840 767 3934 improvida
784 3854 888 3904 cernet

130 3925 285 4007 Exitium,
302 3927 485 4015 propriique
503 3926 604 4007 cadet,
646 3941 720 3988 uam
740 3925 846 4008 tenuit,
867 3935 941 3990 arte.

131 4009 266 4085 Retibus
284 4009 429 4095 impediet
451 4009 568 4162 timidGae
589 3942 711 4095 vealgia
727 4011 848 4094 planta,
1037 4076 1115 4149 Nec

174 4120 176 4125 .
575 4113 639 4178 52
