2792 4800
210 433 290 509 21'8
566 422 839 528 JOBI

215 556 282 625 Aut
296 559 353 624 bos
369 556 543 623 mansuetus
561 558 651 638 plena
667 555 706 619 ad
724 556 865 642 presepia
880 559 998 649 mugit?
1019 606 1022 612 ,
1050 567 1052 571 ’
1092 572 1096 578 ’

218 641 281 707 Cui
298 643 447 725 placitura
464 642 590 726 albugo,
610 639 679 703 salis
699 640 718 703 sr
736 643 826 724 copia
843 643 935 710 defit?

218 724 281 792 Me
296 745 373 790 cum
387 726 452 789 dira
468 727 536 787 lues
554 727 625 787 tabo
642 725 803 789 consumat
818 727 917 811 inerti,

221 811 439 894 Ingratumque
454 808 561 872 cibum
577 808 711 890 praestent
728 813 929 956 lanquorque,
947 813 1115 896 dolorque,

220 892 347 959 Mirum
362 894 403 957 est
419 890 619 956 transversam
634 892 731 973 rapiar
748 895 767 955 li
818 895 942 959 cardine
957 898 1115 964 mentem?

223 977 305 1059 Quis
320 977 414 1058 dabit,
433 992 479 1058 ut,
496 976 560 1039 voti
576 993 716 1056 compos,
737 978 912 1041 coelestibus
931 983 1023 1047 armis

225 1058 362 1142 Obruar,
381 1062 421 1154 dr,
441 1060 537 1140 posito
553 1058 634 1122 mitis
651 1058 799 1122 solamine
814 1060 936 1143 dextra,

224 1145 343 1209 Irarum
359 1148 436 1206 laxrs
453 1142 485 1205 in
501 1160 552 1204 me
568 1140 711 1227 grassetur
725 1144 847 1207 habenis

223 1226 442 1309 Omnipotens,
460 1240 560 1290 tantos
578 1240 611 1287 ut
626 1243 711 1287 mors
728 1242 862 1288 extrema
880 1229 1001 1293 laboret

225 1310 347 1376 Finiat?
389 1308 422 1373 Ο
440 1309 540 1391 uobis,
559 1307 696 1391 inquam,
716 1326 799 1371 mors
816 1310 925 1373 ultima
940 1329 1044 1376 rerum

226 1392 353 1478 Optata,
373 1408 509 1474 ventura,
527 1391 588 1479 die,
608 1391 684 1454 dum
701 1391 804 1476 lingua
820 1393 937 1457 recusat

225 1474 341 1544 Noilra
358 1476 454 1558 nefas,
473 1477 601 1554 vitaeque
618 1474 691 1535 mihi
709 1474 786 1537 bene
803 1477 945 1539 conscius
962 1475 1037 1543 acta

226 1560 366 1627 Celarim
382 1575 540 1639 nunquam
554 1557 663 1619 divinae
679 1558 823 1623 encomia
838 1560 952 1623 laudis!

157 1717 161 1725 ,
269 1644 331 1710 Sed
348 1644 398 1707 cui
415 1656 480 1705 tam
495 1640 603 1706 valide
620 1639 757 1722 superant
773 1642 804 1704 in
822 1662 950 1725 corpore
965 1644 1045 1707 vires

227 1726 306 1793 Haec
322 1741 355 1790 ut
370 1724 449 1789 ferre
464 1724 571 1804 queat?
591 1744 654 1788 non
672 1724 712 1786 fic
729 1724 922 1790 adamantina
937 1727 1026 1790 nobis

228 1810 325 1875 Ferro
342 1809 435 1874 corda
446 1809 553 1893 rigent,
574 1826 630 1871 nec
647 1806 726 1871 duro
742 1808 865 1890 pectora
881 1813 992 1893 aliene,

229 1892 281 1959 Ut
298 1896 418 1957 valeam
434 1906 532 1956 tantos
549 1890 710 1956 tolerando
727 1913 844 1973 aequare
860 1895 996 1957 labores«

227 1973 321 2041 Num
336 1977 410 2039 mihi
425 1979 512 2040 nulla
527 1994 603 2038 meac
619 1974 747 2056 superest
764 1976 897 2040 defeulio
912 1976 1040 2041 catilla?

228 2056 322 2124 Num
339 2061 455 2142 penitus
470 2058 547 2143 fugit
562 2058 647 2138 ratio,
667 2073 864 2139 mentemque
880 2062 1021 2139 reliquit?

230 2141 305 2206 Nec
323 2143 483 2224 quilquam
500 2144 551 2221 est,
571 2141 650 2203 adel)
670 2142 762 2223 pietas
779 2145 920 2206 mortalia
937 2144 1028 2225 liquit

231 2225 371 2309 Pedlora,
392 2226 444 2307 qui
461 2225 561 2287 miseri
577 2225 664 2287 casus
681 2225 795 2290 soletur
811 2228 922 2290 amici?

220 2306 383 2391 ‘Namque
400 2322 434 2373 ut
450 2307 591 2390 precipiti
609 2324 725 2372 torrens
742 2308 891 2373 delabitur
909 2307 1012 2393 alvdn,

232 2394 286 2461 Sic
303 2395 368 2459 noti
386 2390 498 2474 subitd,
519 2392 666 2458 &cundi
682 2391 789 2478 fugere
806 2394 976 2475 propinqui.

232 2477 284 2542 Ac
301 2494 448 2559 tauquam
463 2481 556 2541 tellus
571 2478 705 2559 hyberno
720 2495 855 2558 tempore
872 2484 984 2540 multas

231 2560 330 2627 Sudat
343 2582 449 2643 aquas,
469 2565 555 2624 coelo
570 2561 658 2640 supra
673 2580 779 2641 quam,
798 2562 946 2642 plurimus
964 2561 1061 2623 imber

232 2645 349 2729 Irrigat,
369 2660 402 2707 ut
419 2643 524 2723 paffim
541 2645 627 2705 vallis
644 2644 783 2706 exaestuet
798 2644 888 2726 agria,

232 2725 301 2792 Nix
317 2729 406 2814 tegit,
421 2728 450 2790 dt
466 2727 551 2812 pigro
567 2727 741 2806 torpescunt
756 2743 910 2789 marmore
925 2724 1019 2790 folla.

232 2811 279 2876 At
296 2813 348 2890 qui
365 2811 495 2875 Sabbaeae
512 2807 603 2872 fellus
621 2809 741 2872 liticntis
756 2829 872 2893 arenas,

232 2895 388 2973 Siccaque
404 2891 590 2957 Themaneae
607 2908 742 2990 peragrat
758 2892 872 2956 deserta
887 2892 995 2974 viator,

235 2978 420 3042 Flumineus
435 2977 565 3058 haustus,
585 2976 652 3039 saevi
668 2978 722 3039 lub
740 2975 831 3039 fidere
850 2975 977 3058 Cancri,

234 3060 389 3126 Faucibus
405 3059 555 3141 exspectat
571 3060 669 3138 ficcis,
688 3075 791 3122 tamen
806 3060 890 3123 arida
907 3077 1016 3141 potum
1099 3124 1102 3130 ,

216 3213 217 3220 ,
235 3144 337 3210 Unda
352 3159 452 3229 negat,
472 3144 639 3225 calidisque
657 3144 787 3206 exhausti
804 3144 917 3207 solibus
936 3156 1058 3208 amnes:

234 3228 329 3293 Haud
346 3229 432 3290 aliter
447 3226 542 3290 subita
558 3226 630 3292 tacti
648 3226 823 3307 formidine,
843 3245 954 3291 vanam

236 3310 413 3375 Ostentlllis
430 3329 532 3392 opem,
553 3312 581 3375 dt
598 3328 648 3374 me
665 3311 715 3392 spe
733 3311 837 3373 lusistis
853 3312 944 3374 inani.

162 3423 164 3427 ¹
264 3393 343 3457 cnr
360 3395 463 3474 quaeso
475 3415 532 3459 vos
549 3409 643 3457 terror
661 3395 767 3456 habet?
788 3412 865 3457 num
882 3413 1009 3457 munere
1022 3393 1139 3481 vestre,

231 3474 472 3560 Pauperiemquc
485 3495 619 3562 gravem,
639 3476 782 3555 duraeque
796 3477 997 3541 incommoda
1012 3476 1082 3542 vita

233 3557 334 3623 Solari
352 3561 448 3640 volui,
467 3579 544 3623 num
562 3563 650 3622 collo
666 3560 901 3644 hostiliavincla
1160 3570 1162 3574 “

231 3641 398 3725 Excutere,
416 3643 577 3706 immitisve
591 3643 703 3727 jugum
721 3643 840 3706 exitiale
856 3645 992 3726 tyranni?

183 3750 185 3764 ·
232 3727 320 3808 Quin
337 3728 436 3806 potius
452 3727 582 3809 rectum,
605 3727 624 3790 sr
643 3745 707 3806 quo
723 3744 774 3788 me
790 3726 896 3790 devius
913 3747 997 3791 error

230 3809 386 3893 Abripuit,
406 3809 576 3873 monstratis
591 3811 664 3880 iter?
683 3830 741 3873 nec
758 3830 830 3872 vera
848 3815 1028 3891 loquentem

229 3893 370 3979 Arguite,
391 3908 443 3958 aut
457 3892 535 3957 ficlis
554 3896 634 3957 ultra
649 3893 825 3957 contendite
843 3895 963 3957 verbis?

222 3973 260 4058 Ο
280 3978 375 4065 quam
390 3978 481 4064 acris,
500 3977 661 4062 fundoque
677 3978 818 4047 animum
834 3978 909 4044 mihi
929 3980 1068 4046 verberet
1085 3977 1156 4132 irriso

214 4101 219 4110 .
1148 4081 1201 4130 ana
