2792 4800
183 563 279 654 4²35ss
296 564 399 643 aidis
410 566 473 636 ruit
486 557 543 635 iile
553 564 670 651 oculis,-
688 558 842 649 vultuque
858 559 984 651 ripaue·

226 639 253 718 F
254 651 349 736 cusiri
366 652 414 718 illi
431 651 563 734 iusidias,
581 650 689 718 futuri
704 652 858 718 venabula
875 652 999 742 sternas,
1121 659 1124 668 '

226 738 351 825 lusidius
367 735 511 822 duroque
526 736 596 802 terit
610 738 763 802 venabula
780 735 867 801 naso.
1087 759 1090 766 ·
1116 750 1119 754 ⁴

426 959 462 1040 c
520 958 559 1041 A
615 963 658 1045 r.
742 934 858 1041 xri.

204 1135 462 1315 TUuepotes
477 1158 603 1222 calano
619 1155 778 1223 salientem
796 1157 910 1225 ducere
922 1164 1030 1244 partor
1191 1189 1197 1202 ¹

287 1242 324 1306 in
334 1240 458 1320 liquidis
466 1243 482 1278 *¹
489 1238 658 1306 Leviathan
670 1242 759 1323 aquis
768 1240 847 1311 dum
854 1244 995 1311 incautus
1007 1241 1140 1325 oberrttt,¹

224 1327 295 1390 Aut
308 1322 383 1394 fune
398 1323 513 1405 arrepti
534 1325 649 1388 trahere
667 1324 699 1387 in
711 1337 764 1389 tua
777 1326 853 1389 retIa
875 1327 1003 1412 lingui?

183 1430 200 1476 2
222 1406 320 1473 Tune
337 1421 424 1488 potes
439 1408 559 1492 trasum3
574 1406 743 1490 faucesque
760 1408 915 1491 utrimque
930 1408 1093 1495 cruentum·

222 1491 293 1557 Aut
312 1491 436 1555 stimulo
456 1491 550 1573 spina
565 1506 620 1557 aut
634 1491 717 1557 ferro
731 1505 887 1575 penetrare
904 1492 1062 1559 reeurroi

183 1596 203 1663 3
225 1575 281 1641 An
296 1573 422 1658 supplex
438 1575 492 1638 tibi
502 1576 596 1639 verba
610 1575 713 1642 dabit?
732 1576 787 1641 tibi
803 1575 940 1660 supplice
956 1576 1041 1664 gestu

229 1658 444 1724 Procumbet?
463 1658 649 1741 placidoque
670 1659 819 1730 adiuuet
837 1680 968 1745 corpora
985 1654 1102 1739 vultu-i¹
1198 1739 1200 1746 ¹
1300 1624 1307 1634 Ι

183 1763 201 1829 q
222 1743 279 1807 Au
296 1741 347 1811 tibi
364 1741 509 1827 gaudebit
523 1742 682 1827 placidum
699 1750 888 1836 componere
904 1744 1022 1833 soedus,

224 1826 361 1909 imperio
379 1845 483 1908 parere
501 1842 556 1900 tuo
572 1828 633 1891 fine
644 1828 707 1891 fine
725 1828 871 1911 paratus?

183 1921 203 1995 ’ς
224 1908 279 1975 An
297 1909 351 1973 tibi
366 1910 528 1974 materiam
538 1908 627 1976 luciis
641 1910 726 1974 dabit
743 1912 797 1974 ille
809 1910 953 1995 jocique3

225 1994 321 2061 Instat
337 1994 402 2058 avis
424 2008 530 2077 raptae,
549 2010 642 2077 atque
657 1994 790 2081 anguiio
803 1996 835 2060 in
850 2013 975 2060 carcere
991 1992 1116 2084 clause,

190 2085 195 2094 ’
218 2079 307 2165 Quae
318 2076 408 2141 solita
423 2078 470 2142 est
481 2078 600 2142 blandis
616 2096 704 2143 aures
724 2082 862 2144 mulcere
883 2078 1041 2159 querelis?

225 2162 369 2226 Aut-erit
384 2162 508 2226 ancillis
527 2161 638 2228 ferrati
656 2162 808 2245 compede
822 2161 955 2246 vinstus,
1101 2167 1107 2175 ”

229 2245 446 2313 vertumnis
462 2244 556 2309 tulius
572 2244 675 2328 lentie·
693 2250 744 2310 vel
763 2245 866 2313 forsan
885 2248 986 2310 aheno

228 2327 363 2408 Cossus,
382 2341 418 2391 ut
431 2330 570 2412 appoitis
585 2330 692 2392 hilaret
709 2330 851 2394 convivia
866 2326 1000 2393 meniis?

183 2414 206 2482 6
229 2412 311 2492 Auq
325 2411 408 2474 dum·
417 2412 448 2475 se
463 2413 578 2478 mediis
589 2418 719 2478 volvens
734 2415 866 2477 tinuatur
875 2415 908 2476 in
922 2411 1027 2494 undis,·

225 2496 411 2575 Correptus‚
429 2495 574 2573 narisque
596 2496 709 2577 ingenti
729 2496 865 2558 inclusus
885 2495 918 2558 in·
936 2496 1023 2578 alvo,·

227 2579 289 2643 Per
307 2596 385 2661 vaga
401 2576 536 2641 diversas
552 2579 662 2660 junget
678 2579 867 2641 commercia
886 2578 1017 2677 gentes?

186 2658 207 2744 ἢ
230 2665 310 2746 Quae
326 2676 468 2742 poterunt
483 2680 567 2724 urrco
583 2675 739 2743 penetrare
754 2662 870 2726 hastilia
881 2668 965 2727 terro

185 2747 206 2812 8
229 2745 468 2830 Squamigerum
485 2759 578 2827 caput
593 2761 685 2826 atque
703 2746 818 2812 cutim?
843 2742 943 2810 Nunc
960 2744 1047 2811 iliius
1062 2743 1139 2832 ergo

231 2831 257 2895 F
259 2847 382 2893 ormam
403 2829 509 2892 animo
525 2839 633 2893 tecum
650 2845 766 2912 reputa,
787 2827 945 2910 visiusque
965 2828 1099 2896 recede:

237 2912 331 2980 Neve
354 2909 562 2988 iterumfuriis
579 2912 724 2976 miserum
746 2931 839 2994 caput
857 2913 959 2996 objice
976 2911 1095 2977 nostris.

183 3018 208 3091 9
228 2996 337 3077 Ecqui
356 2997 403 3059 vir
420 2996 545 3078 regione
560 2998 644 3077 iatetq
664 3014 758 3076 quem
774 2997 911 3060 continet
929 2995 1026 3078 orbisp

199 3129 203 3134 .
229 3083 316 3164 Quin
332 3083 419 3143 velut
437 3079 606 3142 immotum
622 3080 728 3161 jaceat
746 3082 933 3159 murumque
949 3079 1094 3161 cadaver,

229 3168 304 3230 Hoc
321 3161 397 3245 viso,
418 3161 630 3242 tremulosque
646 3164 750 3227 horror
767 3165 846 3227 citus
864 3177 998 3244 occupet
1014 3158 1118 3231 attus?

189 3269 210 3314 0
230 3246 341 3312 Nemo
357 3247 437 3310 adeo
453 3245 538 3308 serus
559 3245 612 3326 eli,
633 3244 713 3309 adeo
726 3246 778 3326 qui
794 3249 903 3311 robore
921 3246 1009 3328 fidat,·
1039 3250 1043 3257 “

229 3332 282 3400 Ut
295 3331 372 3398 velit
387 3331 459 3394 huic
475 3329 560 3394 valio
576 3329 723 3393 membris
741 3330 771 3393 ἃ
786 3332 896 3394 robore
910 3330 1048 3396 monstro

230 3413 424 3483 Conscruiise
438 3431 571 3480 manus:
591 3413 667 3496 ergo
687 3414 756 3494 quis
771 3414 859 3485 vivus
879 3415 910 3477 in
925 3417 1001 3477 orbe

221 3473 368 3568 ‘illerum
381 3497 558 3583 sanguineas
578 3500 652 3561 aulit
672 3497 866 3563 committere
890 3499 1030 3583 pugnas?

183 3602 205 3652 lt
263 3584 315 3649 uis
331 3600 382 3646 me
394 3581 572 3644 muneribus
593 3580 687 3666 largis
705 3582 878 3646 cumulavit
897 3583 1031 3664 amicus,·

272 3664 353 3731 tfibi
375 3664 517 3728 amicitie
536 3666 695 3746 pensarem
716 3684 845 3730 munera
861 3668 976 3750 largae?
1068 3744 1070 3748 ,

229 3749 323 3816 Nam
338 3752 465 3834 pelag-us
486 3749 712 3830 quodcumque
726 3751 866 3831 pariqvel
885 3746 1029 3827 terra,vei
1043 3743 1145 3829 ether,

230 3838 270 3903 In
284 3834 405 3919 gremio
418 3831 654 3986 socuudaguo,
673 3833 748 3896 milri
769 3832 903 3899 vendico
920 3847 1032 3897 totum.
1072 3908 1097 3976 P

623 3921 642 3989 b
664 3920 684 3982 b
1013 3932 1054 3980 ru
1098 3931 1147 3977 ar·

183 4065 309 4179 'iret
322 4052 522 4164 coliium
