2792 4800
319 428 433 511 xxvii
679 420 814 513 Psalmi
841 409 934 499 CIV(

322 586 499 670 cordisque
515 584 637 653 effetas
653 583 832 650 renovantia
848 588 977 651 munera
991 584 1089 654 vireu

324 674 473 755 Jovaeque
491 670 649 737 arboribus
665 670 807 756 genitalis
825 670 917 753 copia
929 669 1016 734 succi

169 832 171 839 s
292 808 295 813 ,
319 757 499 825 Sufficitnr:
519 753 740 836 Libanumque
757 753 1087 820 cedrissrondentibus
1107 768 1210 842 ornat,

323 839 433 906 Nidus
452 839 503 904 ubi
521 838 656 920 alitibus,
677 838 836 919 latitatque
856 838 980 920 ciconia
997 838 1096 905 densis

326 924 452 994 Inclusa
467 922 626 1003 abietibus,
646 920 763 1005 suaque
778 919 830 987 bic
847 921 978 987 teutona
994 923 1071 1009 figit.
1126 916 1143 940 “

323 1009 467 1090 Suntque
483 1005 581 1090 capris
594 1008 694 1071 colles
712 1006 846 1088 latebre,
870 1006 1020 1088 rupesque
1037 1007 1190 1077 curticlis:

324 1090 368 1159 Et
384 1092 456 1160 stata
470 1089 540 1157 sunt
556 1094 637 1155 lunar
653 1090 709 1167 sua
725 1104 874 1172 tempora,
891 1089 1002 1172 solque
1024 1111 1077 1173 per
1093 1095 1208 1163 orbem

325 1176 437 1262 Vergit
453 1176 485 1239 in
501 1173 650 1239 occiduas
667 1172 819 1238 constanti
835 1174 957 1238 tramite
975 1190 1085 1240 nactas.

246 1308 249 1316 -
280 1297 286 1309 ,
328 1261 408 1328 Inde
423 1274 516 1325 ruunt
530 1260 672 1339 tenebra,
691 1276 816 1339 noxque
831 1272 896 1323 atra
909 1258 1062 1325 incumbit
1076 1263 1219 1350 olympo,

323 1344 559 1427 Prorepuntque
573 1341 644 1406 fera
658 1342 797 1424 latebris,
813 1343 970 1424 catulique
985 1345 1117 1409 leonum
1141 1384 1143 1388 -

324 1430 365 1498 ln
382 1419 516 1511 prodam
533 1426 667 1511 tugiunt,
691 1425 886 1506 escamquel
902 1426 1029 1491 numine
1045 1428 1189 1519 poscunt,

323 1511 475 1595 Moxque
491 1510 562 1575 suas
572 1522 722 1592 repetunt,
738 1526 848 1575 exorto
865 1509 943 1592 sole,
959 1529 1117 1579 cavernas.

327 1596 428 1679 Inque
443 1593 548 1663 vicem
562 1593 692 1658 subeunt
708 1592 873 1658 homiuum
889 1611 965 1657 cum
981 1595 1054 1659 luce
1075 1599 1216 1689 labores,

319 1679 576 1759 lucumbuutque
590 1677 686 1761 operi,
705 1676 809 1741 redeat
824 1675 903 1742 dum
918 1681 1025 1760 vesper
1040 1682 1182 1765 olytnpo.

324 1763 360 1830 Ο
372 1762 479 1845 quam,
496 1761 594 1842 Jova!
616 1760 756 1825 tuaesunt
773 1760 853 1847 gella
864 1760 998 1845 iugentia
1014 1762 1143 1833 dextrae!
1177 1793 1181 1801 ·
1220 1793 1224 1799 ·

325 1846 496 1999 gulmque
510 1847 576 1911 hec
591 1844 722 1909 confilio
741 1844 866 1927 sapienti
882 1842 997 1910 cuncla
1018 1849 1142 1918 creasti!

291 1931 295 1943 ‘
369 1931 429 1998 nde
447 1928 680 2013 opibuslsatiata
697 1928 757 1992 tuis
774 1930 829 1993 slat
844 1944 942 1993 terrea
958 1932 1071 2014 moles,

192 2095 194 2100 ,
327 2014 493 2098 Undeque
508 2018 579 2079 lara
597 2016 696 2077 fluunt
713 2012 831 2095 spatiofi
852 2026 1013 2078 murmura
1022 2016 1123 2096 ponti:

328 2097 449 2166 Turba
461 2097 512 2164 ubi
530 2096 762 2181 squammigerae
779 2110 862 2162 natat
875 2095 1071 2162 innumerosa
1085 2118 1235 2195 propago,

326 2173 489 2267 Parvaque
499 2180 552 2245 ubi
561 2180 677 2266 degunt
690 2180 831 2244 iuunixta
840 2180 1006 2245 animantia
1017 2187 1151 2269 magnis,

325 2264 443 2349 Estque
454 2263 506 2330 ubi
516 2262 650 2330 veliferis
661 2263 769 2329 cursus
787 2264 933 2345 statioque
951 2266 1075 2353 carinis,

324 2351 548 2450 Effinguntquc
562 2346 635 2414 suos
655 2347 708 2413 ubi
719 2362 788 2415 cete
798 2348 944 2415 immania
959 2348 1064 2416 ludos.

328 2435 511 2517 Omniaque
527 2433 545 2498 l
561 2448 591 2498 te
603 2452 668 2497 uuo
685 2433 829 2515 pendent,
848 2449 940 2515 teque
955 2435 1060 2499 omnia
1069 2435 1216 2530 poscunt,

325 2520 453 2603 Cuique
462 2518 562 2595 [suum
585 2516 710 2600 proprio
721 2517 836 2582 tribuas
854 2531 888 2582 ut
898 2532 1037 2601 tempore
1059 2519 1191 2586 vibium.

327 2600 448 2685 Tuque
460 2616 493 2666 ut
509 2601 563 2664 das
575 2615 702 2684 accepta
713 2599 828 2681 ferunt,
846 2599 1046 2682 dextramque
1056 2605 1228 2694 benignam

325 2682 383 2753 Te
398 2684 547 2771 pandente
560 2697 660 2767 tuam,
679 2682 770 2748 donis
786 2683 930 2748 satiamur
944 2685 1077 2752 abunde.

328 2765 446 2853 Teque
461 2783 548 2848 tuam
557 2766 660 2831 rursus
675 2764 792 2830 faciem
809 2766 973 2852 condente,
986 2767 1147 2859 fatiscunt,

328 2851 522 2936 sublatique
535 2864 630 2916 ruunt
646 2849 764 2934 animi,
783 2850 816 2920 iu
830 2851 1008 2933 cineresque
1024 2870 1199 2926 recurrunt.
1255 2849 1259 2858 ’

330 2938 378 3005 At
391 2938 481 3002 fimul
499 2933 624 3031 inspiras
641 2934 790 3019 animm
809 2934 945 3000 rediviva
961 2935 1133 3027 resurgunt,

329 3019 535 3101 Tellurisque
544 3032 656 3084 uerum
671 3016 768 3083 facies
786 3037 855 3100 qua
870 3018 969 3103 prisca
984 3025 1116 3098 reuertit.
1228 3074 1233 3082 .

327 3105 464 3173 Summa
480 3099 599 3187 srtctgb
610 3098 684 3166 Deo
694 3105 762 3167 laus
780 3099 893 3169 cunas
904 3102 936 3167 in
947 3102 1030 3180 secla
1046 3106 1080 3174 su
1101 3114 1209 3190 temo!

328 3190 430 3278 Inque
444 3187 506 3281 sua
521 3184 608 3270 gellis
625 3183 739 3251 dextra
750 3182 840 3252 Dens
856 3186 954 3270 usque
965 3129 1153 3277 triumpsset!

329 3271 386 3339 Ab
402 3287 494 3355 cujus
505 3272 596 3334 vultu
610 3271 706 3335 tellus
721 3268 882 3358 pavefuela'
900 3273 1060 3360 tremiscit,

328 3351 490 3437 Taelique
505 3353 649 3419 emittunt
665 3364 743 3419 eum
757 3352 854 3420 fumis
868 3352 994 3443 fulgura
1008 3372 1144 3428 montes.

323 3435 418 3528 Ergo
429 3454 540 3504 caram
555 3434 712 3523 Domino,
731 3439 887 3504 dumvita
902 3438 1040 3522 perfruar
1055 3444 1142 3532 aurl,

349 3541 506 3605 oramque
517 3526 679 3608 extollam,
698 3523 758 3587 'fim
767 3523 918 3606 quamdiu
933 3524 966 3591 in
976 3528 1052 3592 orbe
1067 3524 1233 3618 superstes,

328 3606 1088 3762 ,ιιιιιιιιιὲ

315 3713 558 3857 &oremusque
574 3787 643 3842 ruet
656 3712 989 3865 ggnffieulrneffiec
1004 3745 1088 3850 silua

238 3928 240 3931 ,
330 3860 433 3946 Impia
447 3859 581 3926 subfistet
597 3860 716 3931 rabies:
738 3875 769 3928 at
785 3876 821 3928 tu
836 3878 909 3928 mea
923 3860 1085 3932 summum

324 3943 365 4016 v0
382 3944 501 4011 anima!
521 3943 632 4030 elogiis
648 3943 696 4010 ser
714 3943 827 4026 loram
851 3947 883 4012 in
894 3947 978 4015 secla
993 3948 1144 4033 supremis

327 4026 516 4120 Omnesque
531 4025 776 4105 extuberante
790 4030 1107 4134 lullelujahltbova
1143 4000 1300 4194 'mm

693 4152 698 4160 ι
726 4154 732 4166 ·
774 4172 780 4179 .
1298 4141 1317 4184 a
