2792 4800
289 421 361 500 x&
579 400 979 514 Drhssirprr'basdarr

294 663 450 774 Juanner
467 661 580 737 Baird
591 665 633 736 de
648 663 837 738 Nenabeith
856 663 1013 739 Niniaro
1030 663 1215 768 Patersrnu
1230 672 1278 746 ἃ·

298 820 461 986 PErlegi
478 822 607 891 eximios
623 825 727 890 oeulis
743 825 910 974 animopue
929 824 1066 913 libellos,

402 908 517 994 Ingenii
534 909 688 976 admirans
707 911 834 975 flumina
864 928 936 972 acra
948 909 1003 975 tui.

301 991 413 1078 judice
429 1010 480 1056 tne
494 992 621 1079 vigilem
633 992 773 1060 redolent
789 992 917 1079 operosa
933 995 1106 1081 inermem,

359 1076 507 1161 Sparsa&
523 1077 659 1144 odoratis
697 1077 818 1161 ideque
838 1075 1045 1144 cundarofir.

301 1157 354 1230 Ut
392 1162 421 1225 ui
436 1160 605 1228 succedens
616 1162 659 1226 do
693 1162 716 1227 is
729 1160 933 1246 penetralibus
948 1161 1066 1246 hesper,

395 1243 586 1332 otudumque
601 1247 718 1332 hortos,
738 1242 1004 1331 Hesperidumque
1014 1255 1109 1330 putet.

300 1407 454 1515 Jaannes
473 1407 679 1509 Andersonar
695 1413 742 1485 D.
761 1409 915 1484 Niniana
938 1405 1132 1506 Patersana‚
1154 1407 1272 1507 suo&

350 1509 527 1608 Musarum
544 1515 691 1606 alumno,
716 1515 752 1584 S.

357 1668 444 1740 ldera
455 1675 556 1738 muita
567 1669 653 1755 solo,
673 1672 823 1754 coeioque
839 1669 983 1738 micantia
999 1671 1113 1759 nostro,

398 1757 503 1841 Atque
522 1757 601 1838 salo,
619 1756 726 1823 rutilas
741 1755 916 1841 spargebant
925 1775 1015 1821 aurea
1026 1759 1180 1845 flammas,

301 1839 463 1927 Tempore
481 1859 545 1922 quo
561 1840 651 1905 nostri
667 1839 844 1906 Buohanani
862 1841 994 1906 buccina
1010 1843 1109 1909 buces

302 1920 458 1992 Pieridum
476 1925 592 2002 sonuit3
612 1944 691 2007 quae,
711 1923 829 1990 daedala
845 1925 988 1990 machina
1004 1927 1112 1992 mundi

301 2003 416 2074 Donec
433 2007 596 2092 enniana
612 2009 764 2076 resonabit
778 2007 913 2073 maxima
926 2008 1015 2092 tend,

302 2089 344 2158 Et
362 2093 457 2176 spatio
473 2093 537 2176 post
554 2093 636 2157 hunc
652 2093 813 2173 aliquanto
829 2106 965 2174 tempore
984 2091 1078 2173 lapso.

302 2171 385 2242 Proh
400 2176 506 2243 dolor!
528 2180 569 2242 ast
586 2196 652 2243 avo
668 2177 820 2261 pariuntur
838 2176 955 2240 lumina
973 2176 1076 2242 nostro

301 2256 342 2326 Et
360 2259 492 2328 Phoebus
509 2256 685 2344 Phoebeque
702 2259 802 2326 soror:
821 2258 888 2344 jam
907 2261 1047 2327 culmina
1059 2259 1149 2326 Pindi

300 2341 403 2411 Rarus
418 2343 482 2412 adit
493 2340 631 2411 famulus
646 2341 836 2425 Musarum⁴
850 2343 1057 2430 Aganippidos
1073 2346 1163 2414 undu

300 2427 402 2496 Rarus
420 2422 481 2493 adit
497 2416 618 2499 latices:
639 2448 754 2512 paucos
770 2429 836 2511 jam
854 2428 978 2494 numine
996 2426 1084 2497 sacto

303 2508 417 2578 Delius
434 2513 563 2597 inspirat,
582 2529 682 2594 neque
700 2511 809 2576 dantur
825 2511 948 2596 premia
962 2513 1038 2579 vati:

304 2590 357 2660 Ut
374 2597 484 2661 merito
502 2593 593 2660 Naso
612 2595 743 2662 studium
761 2596 921 2683 sinesruge
932 2596 1062 2678 vocent,

303 2677 402 2762 Quod
419 2696 525 2744 corner
540 2680 581 2744 cst
596 2679 773 2743 malesuada
788 2678 900 2761 fumes,
919 2681 949 2745 de
965 2682 1059 2762 turpis
1075 2678 1200 2767 egestae.

305 2760 401 2826 Sacra
416 2762 467 2827 dia
485 2760 581 2830 Clarii
600 2778 676 2827 cum
693 2764 733 2826 sic
751 2762 879 2845 dispecta
893 2764 1041 2847 jacerent,

304 2844 405 2913 Ecce!
427 2844 844 2912 Purrnsouussoboies
859 2863 1011 2944 peramata
1028 2846 1182 2917 catnoenis

304 2926 461 3012 Exoritur,
479 2929 635 2997 miseratus
651 2948 718 2997 eas:
740 2929 905 2995 &vindice
920 2930 1024 2997 deattd

305 3012 357 3081 Ac
373 3010 458 3077 facili
476 3016 611 3096 calamo,
631 3011 829 3079 moribundas
845 3028 929 3079 arcet
946 3016 983 3080 ab
1000 3035 1087 3081 orco.

306 3092 362 3159 Ne
378 3097 499 3180 pudeat,
519 3094 671 3162 Niniane!
688 3097 743 3179 tui,
762 3096 812 3163 sed
824 3096 925 3163 made
942 3101 1066 3182 laboris,

306 3176 428 3266 Magna
443 3179 634 3263 Panomphaei
650 3179 760 3245 reseres
778 3182 916 3264 mysteria
932 3184 1088 3263 quamvis:

306 3263 381 3349 Hoc
399 3260 505 3331 itidem
520 3262 622 3330 fecere
639 3266 716 3331 oiim
734 3286 796 3333 non
815 3266 932 3330 lumina
945 3284 1053 3349 pauca,

305 3346 388 3495 gua
401 3348 477 3413 dunr
494 3350 670 3430 claudier,
687 3349 741 3415 seu
759 3350 886 3416 numina
903 3356 987 3414 clara
1002 3350 1151 3421 nitebunt.

308 3432 989 3600 russinis&{diuitiis‘¹²‘
1008 3436 1100 3519 ⁶¹¹³¹¹⁸

303 3644 308 3653 .
347 3593 399 3662 Te
416 3619 541 3682 quoque
558 3540 750 3685 Castalidssin
767 3602 797 3666 se
814 3616 898 3667 tanto
912 3598 1006 3689 jadiet
1022 3605 1154 3668 alumno

303 3669 422 3765 Nostra
436 3684 562 3768 domus,
580 3685 632 3748 tibi
649 3704 718 3765 que
733 3682 840 3753 Phoebi
859 3687 1021 3767 penetralia
1036 3686 1152 3769 pandit.

302 3758 375 3850 Jatn
398 3771 531 3851 nevelo,
551 3768 691 3852 auspiciis
710 3786 811 3835 currat
827 3768 969 3835 feticibus
987 3786 1062 3853 opto
1199 3836 1206 3850 ‚

302 3786 399 3965 ῼυοὲ
416 3848 570 3916 meditatie
585 3873 680 3935 opus:
697 3850 808 3933 faveat,
823 3852 991 3950 foveatque
1004 3872 1182 3943 precamur,

301 3926 409 4052 sertus
426 3931 536 4027 ingenii
552 3936 742 4021 quicumque
757 3940 894 4011 revolvet
909 3952 1003 4009 arun.
1142 4031 1145 4039 Ι

1106 4102 1172 4177 Ἥ,
1187 4100 1278 4179 Hm

971 4240 1000 4309 0
