2792 4800
445 430 828 518 ·.cA1’.v.‚
1076 457 1150 542 399

224 567 334 649 Vivet,
354 563 386 631 in
403 563 586 652 Hesperiam
600 563 674 630 senii
691 558 769 626 ciam
787 558 911 651 tendere¹
927 576 1045 634 metans

219 650 383 734 ¹Goeperit:
404 652 485 714 bunc
504 653 607 733 proles
625 648 750 730 cupient
765 649 880 711 oritura
897 647 1014 715 theatro

224 735 329 815 Exire,
351 734 443 814 inque
460 752 579 798 novum
595 732 704 816 pariter
720 730 776 795 sua
792 729 912 794 lumina
927 733 1051 819 Regem

227 818 425 901 Conjicient:
446 817 572 882 avidum
589 832 692 882 rerum
710 816 770 880 line
788 816 850 879 fine
867 833 1019 881 novarum
1121 818 1123 822 ⁴
1151 825 1156 834 '

226 903 343 983 Usque
361 898 442 966 adeo
453 901 495 964 est
514 903 676 967 hominum
690 899 827 985 genus&
842 898 1008 970 variabile:
1023 903 1109 972 certe

224 988 302 1053 Hac
321 1004 448 1067 quoque
464 1005 513 1051 res
531 1005 609 1053 vana
626 988 679 1069 ell,
700 988 730 1049 dt
746 981 847 1048 acerbi
863 984 956 1065 plena
972 983 1101 1056 doloris

356 1157 934 1295 ⁴¹onlnv.¹

232 1399 396 1557 CErnis
409 1415 442 1466 ut
459 1398 626 1467 innumeris
643 1393 806 1474 hominum
816 1416 891 1485 gens
909 1400 1045 1484 undique
1055 1404 1153 1473 riuus

327 1487 419 1567 Septa
435 1487 526 1549 malis
543 1483 645 1567 agitet,
665 1484 816 1564 variisque
833 1485 966 1550 obnoxia
980 1486 1128 1557 damnis?

231 1569 295 1634 Sed
312 1584 416 1633 tamen
432 1569 491 1633 hoc
510 1568 597 1633 restat
611 1566 729 1631 miseris
746 1566 1061 1654 mortalibusumum

232 1649 362 1731 Unum,
382 1673 448 1734 quo
463 1656 586 1717 valeant
598 1648 776 1735 jucundum
794 1650 924 1718 suaviter
940 1673 1043 1722 avum

231 1733 372 1817 Ducere,
389 1737 520 1819 sepositis
533 1736 703 1815 tranquillo
715 1720 838 1817 pedore
855 1736 949 1821 curis,

235 1817 403 1884 AEternum
421 1840 563 1885 venerare
579 1816 698 1901 Deum,
719 1835 883 1899 rerumque
899 1820 1063 1900 Parentem

234 1903 432 1986 Supplicibus
448 1903 556 1986 supera
573 1903 662 1984 votis,
683 1901 883 1984 precibusque
899 1903 1010 1992 fatiga,

233 1973 288 2061 Ut
306 1988 360 2051 tibi
377 1988 428 2052 det
444 1989 568 2051 veniam
584 1991 674 2063 vultu
690 2006 755 2050 non
771 1984 866 2050 durus
884 1989 998 2073 auco,

231 2070 617 2154 Atqueanimumaccipiat
627 2070 1155 2162 placidummeutemquenignam

232 2152 291 2217 Tu
306 2155 382 2218 vero
399 2156 535 2237 inprimis
553 2159 662 2221 curam
678 2152 731 2218 bic
749 2154 890 2219 adbibere
906 2172 1076 2246 memento,

233 2235 291 2309 Ne
306 2237 414 2303 frustra
430 2241 536 2303 vacuis
554 2240 699 2320 implores
718 2239 825 2302 ae'thera
838 2237 952 2322 verbis,

232 2318 455 2404 Deceptusque
473 2323 561 2387 labor
575 2336 687 2405 pereat,
708 2341 767 2384 ceu
785 2338 886 2385 cetera
902 2341 1008 2390 terum

232 2404 367 2468 Peslora
383 2405 525 2470 sollicitis
541 2405 648 2470 frustra
663 2405 844 2488 exagitantis
860 2407 957 2470 curis:

232 2488 324 2572 Ergii
340 2489 391 2551 ubi
409 2488 560 2552 sacratam
571 2486 703 2566 Domini
716 2486 880 2551 contendis
891 2489 922 2552 iu
939 2485 1047 2576 adem,

233 2571 378 2652 Limatus
396 2571 491 2636 insiste
508 2573 584 2652 vias,
604 2573 635 2637 dr
651 2571 771 2633 tramite
787 2567 873 2636 redo

236 2651 378 2721 Cautum
394 2655 476 2737 pone
492 2654 615 2738 pedem,-
633 2653 795 2736 potiusque
810 2653 971 2738 accingere
984 2671 1128 2741 promtus

235 2739 358 2806 Audire
376 2738 511 2804 aetherias
525 2737 671 2812 submillo
687 2735 811 2820 pedore
827 2738 923 2823 leges,-

235 2823 348 2972 ssuam
364 2842 457 2888 vanas
473 2825 635 2886 cumulare
648 2841 767 2904 preces,
786 2819 961 2888 &sundere
971 2841 1072 2907 ¹voces

277 2906 463 2988 equiequam
479 2907 670 2972 innumeras:
691 2908 745 2987 qui
760 2906 876 2988 praestat
891 2906 976 2991 talia,
990 2905 1097 2978 cultds

237 2988 348 3057 Divini
366 2993 476 3073 procul
496 2989 599 3053 avers
616 2989 733 3054 ratione
749 2988 877 3071 recedit,

239 3075 282 3140 Et
298 3074 375 3141 falsi
392 3074 493 3155 specie
510 3074 539 3139 dt
556 3072 643 3154 vanis
655 3072 810 3137 deluditur
825 3072 954 3156 umbris,

239 3156 393 3239 Dumque
409 3155 472 3223 Dei
489 3161 611 3239 placare
627 3155 737 3238 stridet,
756 3170 825 3220 tum
840 3170 1000 3240 provocat,
1009 3156 1098 3223 iram.

200 3263 220 3309 2
242 3240 297 3306 Ne
314 3242 407 3305 verba
422 3255 492 3306 ante
509 3237 619 3306 Deum
634 3256 805 3324 properata,
820 3239 880 3305 line
896 3241 1015 3324 ordine,
1029 3243 1145 3325 raptim

243 3325 345 3408 Ejice,
374 3325 514 3407 'recipitis
532 3322 644 3388 distata
659 3324 832 3406 improvida
846 3325 973 3390 mentis:

240 3407 330 3476 Nam
347 3345 435 3475 lenter
446 3409 641 3490 omnipotens
658 3407 784 3472 summo
800 3407 883 3473 sedet
894 3410 974 3473 altus
987 3405 1143 3495 Olympo,

241 3491 381 3558 Nutibus
393 3507 484 3574 atque
496 3490 556 3557 suis
575 3490 741 3573 spatiosum
757 3507 906 3574 temperat
922 3494 1042 3576 orbem,

243 3558 426 3658 Adspiciens
444 3577 547 3642 oculis
565 3573 628 3639 late
646 3576 790 3640 mortalia
806 3577 910 3660 justis:

242 3657 323 3724 Non
341 3663 415 3725 latet
434 3661 514 3725 bunc
535 3660 659 3741 simplex
676 3661 822 3744 probitas,
843 3659 1026 3725 &consona
1039 3656 1144 3728 verbis

243 3741 383 3825 Peslora,
404 3763 467 3808 nou
483 3747 557 3807 latet
574 3745 654 3808 bunc
673 3745 819 3807 fimulatae
829 3743 923 3826 gratia
940 3743 1069 3828 linguae3

245 3823 320 3890 Nec
338 3827 482 3891 mercede
498 3844 581 3891 caret
598 3829 704 3910 pictus,
721 3828 750 3891 dt
768 3826 871 3890 nescia
885 3823 1001 3890 fraudis

246 3908 287 3972 Li
330 3930 381 3993 ua,
401 3930 459 3983 nec
477 3910 601 3994 effugiet
615 3912 738 3975 meritas
752 3908 940 3994 hypocritica
956 3929 1084 3995 poenas:

246 3989 309 4083 Etg
351 4014 426 4078 caue
442 3994 539 4093 uiusil
557 4012 676 4096 nuncu
690 3995 816 4092 coeleste
832 3993 959 4084 loquell

1041 4061 1182 4170 §ellicii
1252 4042 1260 4048 ³
