2792 4800
217 381 303 516 qb
549 370 602 479 ‘J
649 309 694 479 0⁴
734 362 844 451 2'1

228 453 352 591 nlllor
369 528 472 587 runo
485 515 641 603 mprobos
657 518 689 585 n
705 517 804 587 aero
818 519 1007 611 dremne,

271 600 504 672 Sed¹furoribua
521 602 652 686 potentie
669 603 1034 688 impotentemsubtrabit.
1057 650 1070 659 ‚,

233 703 254 773 7
273 687 306 755 A
322 690 475 754 bonorum
491 685 635 773 gteffibue
651 706 716 754 non
732 686 826 755 flebit
839 691 928 757 orben
943 695 1134 769 luminumn

274 773 333 840 lile
350 791 433 860 reges
448 785 627 920 numerator
643 771 721 838 inter
737 772 810 839 illoc
825 776 975 859 collocat,

274 855 317 923 Et
334 857 478 934 mronum
528 870 703 938 toccuparc
717 856 841 942 gemml
853 858 884 924 dr
894 879 970 924 auro
979 860 1178 951 splendidum,

272 938 314 1009 Et
330 957 424 1009 manu
440 940 592 1023 sceptrum
607 954 718 1036 tenere,
738 960 831 1025 regna
848 943 973 1007 firmam
985 944 1132 1033 undique,

276 1019 365 1091 Tuta
381 1027 419 1089 ab
436 1024 580 1092 omm'bua
650 1023 720 1088 relic
736 1024 914 1090 seculorum
931 1028 962 1092 in
977 1027 1094 1095 secula.

235 1104 256 1174 8
275 1107 309 1177 Si
327 1109 435 1175 dolore
450 1107 554 1192 affligit
570 1128 591 1172 u
607 1108 655 1173 los
670 1107 804 1173 vinculis
820 1110 974 1175 codrcitoa

276 1190 378 1258 Crura
390 1189 488 1259 ferrei
501 1206 564 1257 rete
620 1190 839 1258 rcircamaut
855 1211 966 1276 compe
989 1215 1023 1263 e:
1136 1191 1140 1200 ’

234 1293 258 1359 9
277 1271 374 1343 Tunc
392 1290 493 1360 aperta
508 1206 691 1359 panffiiiuis
708 1276 874 1341 criminum
889 1280 1044 1364 contagia,
1217 1287 1218 1323 ³

249 1439 253 1447 Ι
275 1357 373 1426 Mena
389 1360 499 1443 quibua
514 1357 683 1457 manusque
699 1361 738 1423 ab
753 1360 839 1425 omni
853 1376 935 1446 parte
950 1362 1071 1442 squalet
1080 1363 1176 1430 oblitu
1217 1374 1218 1383 ¹

214 1458 256 1528 ro
278 1443 390 1527 thue
404 1442 535 1529 grelsum
549 1440 714 1509 laudunis
729 1442 860 1527 dirigant
873 1445 911 1507 ad
930 1447 1085 1511 tramitem

279 1527 450 1618 Admonet,
469 1529 579 1611 procul
590 1524 706 1623 sugatis
724 1525 823 1609 impiis
838 1528 1003 1593 erroribus.'

217 1630 253 1693 ul
276 1611 310 1679 si
328 1612 455 1676 libenter
471 1612 647 1679 admoncmr
662 1610 865 1677 commodant
874 1630 960 1677 aures
973 1610 1058 1698 Deo,

278 1690 366 1761 Tota
380 1694 442 1759 vita
456 1693 632 1779 transigetur
650 1694 718 1758 lata
735 1693 817 1759 curis
832 1695 938 1777 libera,

274 1774 315 1844 Et
329 1792 433 1844 tenore
449 1776 632 1861 sempiterno
647 1791 712 1843 tota
727 1792 828 1843 curret
843 1778 982 1844 suaviter.

215 1883 253 1943 μ
274 1859 307 1933 si
325 1874 428 1927 tamen
443 1875 489 1928 tot
506 1860 703 1943 undiquaque
718 1859 859 1926 cladibus
873 1864 1019 1944 perterriti

219 1950 222 1961 '
274 1943 489 2012 Contumaeer
504 1943 563 2011 elle
579 1941 718 2028 perstent,
736 1962 811 2009 mox
825 1945 1011 2027 profundent
1026 1943 1161 2029 spiritum

274 2025 357 2097 Ense
375 2026 480 2113 petius
494 2026 647 2112 perforati,
667 2046 726 2093 nec
744 2029 893 2109 reperient
902 2029 1029 2109 exitum,
1127 2024 1141 2085 .’

273 2111 352 2180 Arte
367 2111 482 2178 callidi
497 2108 636 2192 petisque
651 2108 816 2175 machinati
830 2106 1000 2174 fraudibus.

210 2213 228 2292 q
232 2214 252 2285 3
272 2191 364 2261 Nam
378 2194 470 2261 dolos
487 2194 677 2278 quicumque
690 2191 771 2259 fuco
787 2192 951 2260 studitatia
969 2193 1123 2277 oblinunt,
1211 2196 1215 2205 ’

274 2278 442 2348 Fervidum
459 2275 522 2347 Dei
536 2275 676 2346 furorem
727 2293 877 2357 ovocant3
897 2291 927 2344 at
942 2278 1075 2344 vinculis

274 2363 365 2432 Ctlm
377 2363 523 2431 dolorum
539 2361 568 2432 e⁰
710 2363 719 2427 i
737 2362 964 2462 complicantur
979 2361 1117 2447 fervidis,

274 2445 432 2518 Nesciunt
447 2454 584 2515 clamare
600 2446 721 2533 Regem
736 2444 891 2514 Coelutum
905 2447 1081 2529 ejulatibus.

213 2551 255 2620 μ
274 2533 359 2636 Ergb
375 2534 488 2601 mortui
502 2532 682 2600 recumbent
697 2530 731 2597 in
744 2531 877 2615 juvente
893 2530 1011 2615 limine,

273 2615 361 2683 Cum
375 2618 536 2700 juventam
552 2616 688 2699 turpibus
706 2614 942 2681 connminlrinr
955 2615 1109 2682 sordibus:

274 2701 416 2784 Quaeque
432 2703 505 2763 velo
522 2698 727 2781 impuritatem
741 2699 876 2780 puritatis
895 2713 1007 2762 texerat

277 2784 359 2850 Inter
374 2782 508 2865 impuras
523 2780 658 2845 manebit
674 2782 783 2845 umbra
798 2794 878 2845 torta
893 2778 1051 2865 Erinnyas.

214 2890 254 2952 ¹5
273 2865 443 2951 Pauperem
460 2863 491 2929 in
506 2862 594 2928 rebur
605 2859 775 2929 uocantem
789 2862 927 2928 liberabit
942 2865 1064 2947 asperis,

275 2949 316 3016 Et
331 2949 494 3035 benignam
509 2946 645 3013 advertet
660 2965 765 3012 aurem
782 2945 881 3012 redior
897 2947 978 3012 orbis
995 2951 1139 3031 optimus.

216 3038 256 3104 16
277 3035 307 3100 is
324 3033 389 3117 tibi,
410 3033 430 3100 fi
449 3046 483 3096 tu
498 3050 637 3113 vocares,
656 3030 784 3107 liberato
799 3030 941 3116 angustiis
1119 3041 1127 3050 ·

274 3115 393 3201 Latum
408 3107 464 3179 iter
478 3132 553 3184 mox
570 3113 714 3196 panderet
729 3118 837 3197 procul
848 3113 949 3178 arduis
959 3117 1128 3200 angustiis:

276 3201 306 3266 Is
324 3198 377 3264 tibi
395 3195 534 3275 mensam
549 3197 654 3280 tapetis
664 3195 817 3282 fulgidam
827 3196 1002 3281 nitentibus,

275 3282 297 3350 8
320 3278 443 3348 iendide
461 3277 603 3358 strudiam
619 3284 747 3363 repleret
762 3281 886 3346 ferculis
904 3282 1085 3347 lautiffimis.
1187 3300 1192 3308 ·

213 3381 253 3453 17
309 3387 328 3430 u
344 3364 462 3448 piarum
472 3363 555 3459 julia
571 3366 676 3449 legum
690 3363 770 3446 julia
786 3382 862 3429 cum
879 3367 1088 3451 contemsero,
1189 3435 1192 3440 ,

272 3446 389 3515 Nonne
404 3444 515 3512 merito
529 3446 597 3529 jam
614 3448 747 3531 flagellat
763 3463 792 3512 te
804 3449 923 3514 severus
935 3450 1063 3514 arbiter?

213 3535 253 3606 18
273 3532 364 3601 Dum
378 3529 488 3605 furoris
502 3530 571 3611 jam
586 3530 734 3595 tremendi
750 3528 847 3596 fervet
861 3548 947 3597 atrox
966 3533 1108 3618 impetus,

274 3615 421 3703 supplica
434 3630 537 3679 rerum
550 3609 668 3678 Parenti
684 3633 763 3678 voce
781 3617 984 3696 lamentabili3

271 3698 423 3784 Namque
440 3715 559 3762 merces
577 3699 664 3762 nulla
680 3697 787 3763 mortis
805 3700 941 3764 liberabit
956 3698 1116 3777 faucibus:

209 3806 250 3872 19
269 3784 398 3853 Scilicet
414 3794 556 3866 corrupta
572 3780 709 3848 nummis
725 3797 816 3864 atque
872 3783 914 3848 zia
931 3784 1028 3848 aureis

271 3865 324 3933 Te
340 3865 489 3933 remittet?
510 3879 562 3931 aut
578 3879 702 3931 tuorum
713 3865 829 3931 bellico
862 3886 875 3931 s
891 3866 1027 3932 militum

270 3951 385 4038 Copias
404 3948 510 4037 vident
527 3948 683 4030 minacem
699 3967 785 4048 mors
802 3950 948 4023 recondet
963 3948 1163 4099 cuspidem}q

863 4041 870 4050 '
1058 4052 1100 4100 20
1164 4048 1181 4097 e
