2792 4800
224 380 302 472 ²⁶4
467 392 477 402 ·
604 360 803 463 JOB!

219 498 262 568 Et
277 496 401 566 rabidos
421 494 532 577 aquila
548 494 695 560 auderent
718 510 916 560 contemnere
927 494 1010 566 soles
1026 501 1043 567 i

221 587 282 650 llle
299 588 388 667 super
405 580 502 645 celsas
519 579 635 643 deserta
656 579 821 644 cacumina
837 599 928 663 rupes

221 664 331 735 Ardua
348 664 428 731 tedia
444 663 532 745 colit,
552 662 702 744 notasque
720 661 876 728 cadaveris
894 680 983 729 auras

218 752 342 833 Haurit,
364 746 527 815 &intentis
543 746 678 830 praedam
696 746 872 827 speculatur
890 748 1016 830 ocellis,

216 834 412 986 gendarum
427 832 543 897 crudos
559 829 731 897 assuescens
748 829 893 915 sanguine
908 844 1011 897 natos.

246 934 258 983 t
275 917 433 985 Dominus
451 915 544 999 Jobo,
565 918 628 981 bac
647 914 741 979 illum
760 912 866 980 secille
885 913 1005 982 neccsse
1023 913 1081 1002 est,

215 1004 282 1088 Qui
299 1003 395 1067 dubio
411 1018 540 1064 mecum
557 999 663 1065 subeat
681 999 850 1063 certamine
868 996 1020 1065 Martem.

217 1088 264 1152 At
281 1088 390 1170 Jobus,
410 1084 554 1166 nimium,
573 1082 684 1166 fateor,
704 1083 864 1149 temeraria
882 1083 972 1148 nobit

181 1211 185 1216 ·
216 1168 342 1260 Lingua
355 1169 428 1253 fuit,
447 1168 566 1247 tacitus,
579 1166 702 1252 poilltac
720 1182 773 1235 tua
788 1168 868 1253 julla
882 1168 1022 1233 uerebor.

485 1389 618 1473 CA
674 1386 718 1469 P.
776 1389 869 1471 XL.

292 1577 328 1648 T
350 1578 439 1645 Pater
462 1579 656 1661 omnipotens
676 1598 790 1644 vocem
806 1579 847 1645 de
863 1579 981 1647 turbine
997 1578 1125 1663 panditr

313 1663 408 1729 Tune
423 1683 456 1727 es
474 1682 568 1744 quem
581 1664 715 1729 studium
732 1665 931 1731 commendat
947 1665 1081 1730 amabile
1110 1661 1180 1733 redi

215 1747 291 1814 Nos
311 1747 387 1812 vitio
407 1746 511 1813 intenti
529 1749 687 1829 pollutum
703 1747 846 1831 degimus
864 1750 989 1814 avum?

219 1829 315 1898 Num
330 1830 383 1895 tibi
400 1830 476 1896 liant
492 1851 585 1913 aqua
610 1833 704 1897 firmo
721 1830 776 1896 sub
796 1832 919 1914 pectore
935 1833 1028 1918 vires,

219 1917 288 1981 Aut
303 1913 357 1980 tali
372 1934 432 1979 vor
450 1936 503 1980 ore
520 1916 631 1981 tonat?
653 1915 750 1980 Sume
766 1915 873 2015 ardua,
893 1916 1009 2002 queso,

195 1996 199 2008 ’
218 1998 347 2082 Sceptra
362 2016 469 2081 manu,
489 2000 656 2064 auricomis
674 1999 800 2096 plaudat
816 2000 867 2064 tibr
882 2000 981 2087 gloria
1002 1999 1121 2087 pennis.

220 2082 374 2165 Undique
391 2084 493 2165 cingat
509 2086 607 2148 honos
625 2082 751 2165 sollum,
770 2083 842 2149 dent
852 2085 931 2150 sava
944 2085 1064 2170 superbi

220 2166 391 2250 Supplicia,
411 2165 530 2232 afflidiis
546 2166 648 2250 jaceat
662 2187 737 2253 gens
755 2167 847 2250 impia
863 2170 959 2235 terris.

218 2247 301 2315 Non
317 2250 370 2316 ibo
387 2249 517 2333 inficias,
537 2251 662 2334 propria
679 2252 755 2332 quin
773 2270 901 2316 munere
917 2253 1031 2320 dere·

218 2331 352 2417 Servari,
372 2334 602 2416 innocuamque
621 2355 717 2417 queas
734 2336 904 2417 producere
921 2339 1030 2404 vitam.

219 2417 306 2485 Ecce
322 2420 374 2484 tibi
392 2419 573 2503 Bebemotb,
596 2421 686 2485 nostri
706 2439 774 2502 pars
791 2440 852 2484 una
871 2423 997 2505 laboris,

219 2499 367 2569 Tondeat
386 2518 419 2568 ut
435 2502 558 2570 foenum
575 2505 705 2587 campis,
724 2502 885 2569 fortiffima
903 2507 1018 2572 lumbis

217 2585 346 2651 Robora
365 2588 464 2670 habet,
485 2589 580 2653 virtus
597 2607 708 2673 magna
727 2588 831 2652 insidet
848 2590 1025 2656 umbillico.

219 2670 331 2733 Cauda
347 2670 434 2734 instar
452 2671 535 2734 cedri
552 2673 606 2751 est,
624 2672 755 2735 nervoso
771 2673 904 2755 tegmine
923 2675 1011 2740 testes

218 2750 363 2836 Occulit,
382 2752 547 2838 adsurgunt
564 2755 674 2817 validis
693 2755 812 2817 firmata
829 2756 976 2822 medullis

219 2834 307 2917 Otia,
327 2839 412 2900 velut
428 2833 500 2899 ferri
520 2836 624 2920 rigidis
643 2841 778 2901 conflata
795 2840 936 2902 caminis.

217 2916 384 2986 Excellens
402 2937 479 3002 opus
496 2920 538 2984 est
555 2919 651 3002 jovae,
672 2940 729 2984 nec
752 2920 850 2984 ferrea
871 2922 980 2985 desunt

216 3003 317 3069 Arma
335 3003 393 3089 illi,
413 3004 553 3088 gladium
572 3003 728 3085 proboscis
753 3005 888 3069 &arma
904 3005 1063 3070 ministrat.

214 3085 255 3153 Et
276 3102 379 3152 tamen
395 3087 537 3152 innocuit
548 3087 680 3168 Elephas
705 3087 759 3151 sua
775 3091 888 3170 pabula
905 3089 1023 3172 campis

214 3170 334 3254 Carpit,
354 3171 384 3236 da
402 3171 548 3236 alludunt
564 3176 648 3237 latas
668 3181 807 3236 armenta
824 3191 877 3253 per
894 3173 1012 3238 herbar.

214 3256 275 3321 Illa
291 3254 345 3320 sub
363 3254 511 3321 umbroso
526 3256 669 3337 producit
686 3271 714 3320 te
736 3255 818 3319 mine
838 3255 977 3339 somnos,

214 3335 256 3402 Et
270 3338 404 3404 salicum
423 3339 529 3419 querit
547 3343 689 3420 latebras,
709 3276 862 3404 firbfistere
880 3340 987 3404 credas

216 3421 364 3487 Flumina
381 3422 459 3485 crim
475 3422 585 3487 mediis
603 3423 710 3508 ingens
726 3421 790 3485 sese
805 3423 903 3486 abluit
924 3421 1028 3506 undis,

214 3503 311 3589 Quod
330 3502 443 3570 fifortd
460 3507 538 3570 fitim
551 3507 645 3589 sedet,
666 3525 731 3571 non
747 3506 838 3588 ebria,
860 3505 1002 3588 quamvis

214 3588 384 3669 jordanem
400 3604 536 3654 vacuum
554 3589 623 3654 totis
640 3587 798 3654 absorbeat
815 3589 917 3656 undis.

212 3673 332 3738 Attuli
349 3673 458 3738 validae
473 3673 600 3738 tendens
617 3674 769 3739 uenabula
786 3673 898 3739 dextrae

211 3754 435 3841 Omnipotens,
453 3757 572 3839 laqueis
591 3777 678 3822 nares
696 3757 824 3841 praefigit
839 3756 950 3824 acutis.

210 3836 305 3905 Num
323 3842 439 3906 balaena
451 3841 504 3906 tibi
520 3840 628 3907 fallaci
652 3841 783 3926 pendeat
799 3843 903 3925 mmo,

210 3922 277 3997 Ore
296 3924 555 4012 trallensium,
574 3925 781 4010 maxillasqoe
798 3947 856 3995 ere
872 3927 1002 4014 rigentes
1124 3998 1181 4070 Pa
