2792 4800
173 441 325 537 *aaa
597 440 634 547 J
682 412 716 517 o
766 417 908 521 ’ΒΤ
949 555 956 563 ,

247 583 415 665 Lentu&
432 580 512 652 vidia
527 575 633 656 statuet
649 586 688 654 de
705 605 804 655 morte
818 583 1019 676 triumphurn,

287 668 371 754 Ergo
390 671 453 734 haec
470 670 647 751 vobiscum3
669 692 725 737 cur
740 672 922 740 insedamur
938 678 1062 765 lobum,

245 752 308 821 Cui
324 754 407 817 radix
426 752 544 835 pietatis
560 754 644 841 inest‘,
665 775 733 839 quae
749 760 885 845 germina
902 761 1026 827 tandem

244 836 396 921 Proferer,
416 841 444 903 dr
464 836 545 903 t'oliis
563 840 708 905 tellurem
725 845 878 909 umbranit
893 845 1018 929 opacis?

243 919 346 992 Nunc
362 937 466 997 autern
480 920 568 987 vobis
585 924 649 989 acri
668 925 684 991 d
700 943 849 994 mucrone
866 929 1041 996 cavendum
1055 928 1109 1017 est,

241 1004 286 1075 Et
300 1005 371 1071 ferri
387 1005 551 1070 metuenda
566 1003 659 1093 acies,
678 1028 751 1074 nam
768 1008 902 1081 fervidus
920 1013 996 1079 enlls

241 1091 280 1161 In
296 1091 413 1158 scelera
429 1091 459 1155 du
475 1088 587 1155 vindex
603 1092 712 1157 divina
731 1093 880 1180 strlngitur
897 1093 957 1167 ira.

241 1172 296 1245 Ut
310 1174 399 1239 vobis
416 1174 553 1248 constare
569 1190 671 1262 queat,
689 1177 806 1271 justum
822 1177 880 1251 effe
899 1178 1031 1253 tribunal

239 1256 372 1344 Judicis,
392 1256 522 1333 &recto
538 1254 609 1327 ferri
625 1260 786 1334 libramine
803 1260 968 1329 mundum.

509 1481 546 1563 C
603 1482 641 1562 A
699 1480 743 1561 P.
833 1484 936 1563 XX.

308 1674 342 1739 lx
359 1690 396 1736 ea
410 1670 491 1737 fatus
509 1684 584 1751 erat,
604 1689 719 1737 vocem
735 1669 812 1735 crim
829 1670 968 1755 Sophoar
985 1675 1071 1742 ultro

327 1754 507 1837 Praecipitat.
548 1754 610 1819 Cui
628 1756 667 1820 src
685 1756 790 1843 gelido
807 1755 861 1820 sub
879 1756 1002 1839 pectore
1019 1777 1141 1844 torpent

233 1838 366 1927 Sanguis
384 1840 481 1922 hebet,
503 1839 599 1903 tacito
616 1854 650 1904 ut
663 1838 742 1904 ferat
756 1840 819 1903 haec
837 1842 980 1908 convicia
993 1845 1104 1910 vultu?

230 1925 319 2008 Quin
337 1924 442 1988 animo
457 1939 563 1987 tecum
580 1925 712 1987 memori
731 1940 891 1992 momenta
907 1928 1041 1993 revolvis

227 2006 308 2074 Alta
324 2006 489 2092 vetustatis,
509 2006 670 2089 postquam
688 2006 830 2078 concessa
847 2024 951 2073 creato
1151 2012 1156 2078 ζ

227 2090 283 2165 Est
299 2093 392 2158 tellus
411 2090 572 2155 habitanda
589 2090 707 2163 homini
739 2108 815 2161 num
832 2092 947 2175 perdita
963 2092 1081 2177 semper
1164 2169 1166 2174 ,

226 2176 384 2260 Impietas,
404 2174 508 2259 primis
527 2174 681 2240 scelerum
700 2140 849 2243 defecerit
865 2176 962 2242 aulis?

224 2258 341 2344 thue
359 2272 439 2342 petat
457 2264 588 2345 coelum,
610 2260 640 2327 a
658 2274 751 2344 caput
767 2259 843 2326 inter
860 2261 966 2327 nubila
981 2258 1106 2347 condat,

224 2345 408 2419 Immundas
423 2342 512 2415 feriet
528 2344 671 2428 resupino
689 2342 824 2430 pondere
840 2360 951 2413 terras:

222 2430 377 2498 Stercoris
396 2429 486 2508 instar
500 2430 567 2512 erit,
589 2428 674 2513 quod
691 2429 777 2505 roeda
794 2429 959 2495 excreverit
974 2433 1064 2511 alv03

224 2515 353 2598 Quique
369 2516 460 2581 illurn
475 2515 564 2579 rebus
582 2512 741 2597 quondam
756 2511 861 2580 videre
877 2514 1031 2599 secundis,
1108 2514 1112 2526 '

223 2595 355 2681 Dicent,
376 2618 440 2679 quo
456 2612 541 2662 tanto
557 2597 681 2665 decellit
698 2598 797 2689 gloria
811 2599 907 2664 luxu?
950 2610 952 2615 “

219 2683 339 2764 ¹thue
355 2680 530 2763 intempesta
546 2681 675 2747 volitant
692 2681 841 2747 insomnla
858 2681 959 2764 nodie,

224 2768 367 2851 Quaeque
383 2783 487 2848 graves
504 2764 614 2827 somno
631 2764 753 2829 turbant
767 2766 973 2854 phantassnata
988 2764 1107 2832 sensus:

224 2854 278 2918 Sic
295 2851 361 2934 spes
379 2864 443 2913 tota
458 2849 524 2930 ejus
543 2862 648 2911 tenues
666 2849 806 2912 vanescet
822 2849 853 2913 in
870 2869 970 2938 auras,

220 2931 297 3000 Nec
315 2947 440 2999 cernent
457 2931 555 3012 oculi,
576 2949 633 3000 nec
650 2931 730 2998 tetta
747 2931 871 3013 antiqua
886 2933 1043 2999 videbunt.
1104 2969 1114 2987 ·-

132 3060 136 3072 ι
220 3018 344 3084 Fraude
360 3031 443 3099 pater
460 3014 579 3102 crescit,
600 3015 696 3095 patrio
713 3015 765 3078 dat
781 3015 910 3080 crimine
926 3036 1033 3099 poenas
1108 3054 1114 3067 ·

218 3100 337 3190 Natus,
357 3100 514 3194 &injusto
529 3112 646 3180 reparat
663 3098 693 3160 vi
709 3119 742 3162 ra
762 3114 793 3162 ta
806 3100 931 3181 patenti.

219 3186 362 3271 Indulget
381 3182 457 3247 vitus
472 3181 603 3264 juvenis,
624 3182 803 3263 penitaque
820 3183 974 3247 medullas

215 3270 270 3337 Est
287 3275 382 3350 tabes,
400 3276 465 3330 non
483 3262 546 3330 offa
562 3264 645 3346 prius
664 3265 794 3346 putredo
811 3268 974 3349 relinquet,

219 3354 327 3438 Quam
346 3354 433 3420 timul
452 3362 589 3414 extremo
606 3365 730 3430 carpant
747 3349 777 3412 in
794 3355 918 3431 pulvere
935 3350 1088 3416 somnum.

217 3438 269 3502 Ac
287 3435 383 3500 veluti
399 3433 509 3518 lingua
525 3431 716 3495 medicatum
734 3436 828 3495 melle
845 3451 999 3500 venenum

107 3572 111 3579 .
217 3517 328 3586 Dulce
344 3518 429 3599 sapit,
450 3514 630 3596 cupidisque
645 3531 727 3579 tenet
745 3517 866 3584 lethalia
884 3518 974 3582 labris

214 3600 352 3685 Toxica,
372 3621 439 3682 quae
455 3597 538 3684 grata
554 3596 667 3662 fallunt
684 3599 850 3670 dulcedine
866 3602 1003 3687 gustum:

213 3688 260 3754 At
275 3689 363 3750 cibus
382 3699 415 3748 ut
433 3681 590 3746 stomacho
606 3682 744 3764 primiun
759 3683 915 3750 descendit
932 3684 1036 3768 hianti,
1156 3677 1175 3771 f

212 3772 350 3838 Vertitur
367 3768 398 3831 in
414 3767 496 3850 virus
527 3766 610 3840 saevae
625 3765 667 3829 fel
686 3767 796 3830 dixeris
812 3766 871 3832 effe
1126 3815 1131 3825 .

211 3854 347 3938 Aspidis,
369 3853 398 3916 ἃ
416 3816 511 3914 subitd
530 3865 650 3935 turgent
666 3851 832 3931 praecordia
849 3865 964 3918 morte:
1169 3841 1175 3945 ,¹

210 3938 303 4004 Talis
320 3936 404 3999 dives
422 3956 442 3999 0
463 3951 528 4016 um,
550 3951 644 4014 quem
661 3933 768 4000 mnndi
786 3936 899 3999 blanda
916 3937 1059 4020 voluptas
1168 3962 1175 4059 ⁴

210 4024 365 4106 fascinat,
386 4020 415 4086 dt
444 4036 532 4084 ervor
547 4015 713 4084 steleratus
731 4034 820 4084 vexat
837 4019 975 4085 habendi.
1088 4054 1130 4165 N·
1144 4022 1176 4162 u,

311 4129 315 4135 ·
1125 4118 1143 4164 u
