2792 4800
209 360 285 456 418
451 299 956 423 acc'sesrassrs
1085 305 1088 310 ’

273 489 342 559 'Pet
357 490 459 559 scelus
474 505 567 573 atque
581 485 683 574 nefas,
704 488 812 556 rabido
828 507 904 557 mox
922 488 1016 556 dente
1033 492 1152 577 petetui

282 572 449 658 Serpentis,
467 574 570 639 media
585 574 671 639 taciti
687 574 832 640 latitantis
847 573 880 638 in
895 576 1000 640 herba.

245 686 267 751 9
287 659 367 738 Sara
382 662 459 723 loco
476 658 667 742 quicumque
678 673 796 741 mouet,
814 657 940 725 laedetur
956 660 996 723 ab
1014 658 1080 726 illis
1086 680 1099 741 3

177 787 179 791 .
286 739 362 812 Nee
377 738 473 807 facile
490 741 602 825 evadit,
621 741 710 807 findit
726 742 780 824 qui
798 741 883 827 ligna
896 742 1010 824 securi,

170 837 176 847 '
288 827 377 911 Quin
393 826 456 891 iun
473 824 527 891 sua
544 846 633 890 crura
650 840 743 909 petat,
764 826 816 889 srbi
833 827 963 890 uulnera
977 828 1071 924 figat:

289 910 357 994 Sic,
375 910 444 974 aliis
459 926 646 975 nocumenta
663 927 786 991 parans,
805 909 856 973 libi
872 910 983 976 noxius
1002 912 1067 995 ipse
1082 908 1141 989 estu

289 995 344 1061 bic
362 994 402 1077 u,
419 992 570 1057 amicitias
584 995 698 1056 alienas
715 1011 857 1074 rumpere
874 992 1013 1075 quisquis

289 1073 419 1159 Tentat,
436 1075 499 1140 sese
514 1076 596 1142 odiis
610 1077 745 1140 aliorum
761 1076 884 1159 exponit
898 1077 1031 1165 acerbisr

95 1173 98 1180 '
231 1177 272 1234 rb
291 1161 325 1227 si
342 1161 396 1227 tibi
411 1159 482 1226 ferti
499 1160 582 1224 ecies
596 1160 738 1225 viduatur
755 1161 912 1244 acumine,
936 1180 995 1224 nec
1011 1176 1049 1225 tu
1070 1194 1073 1206 ·
1161 1158 1163 1161 ’

291 1244 384 1312 Hanc
400 1263 531 1327 reparas,
550 1243 682 1325 tritoque
697 1241 778 1308 facis
792 1242 990 1327 juvenescere
1006 1236 1097 1333 saxu,

293 1328 381 1411 Quid
396 1328 449 1393 tibi
465 1327 553 1392 restat
570 1327 691 1392 adhuc?
710 1342 785 1391 tunc
801 1327 832 1391 vi
848 1326 968 1409 majore
983 1326 1118 1392 securini

294 1412 453 1497 imprime,
471 1428 545 1478 tuuc
562 1412 699 1494 geminas
716 1414 813 1496 plaga
829 1409 1023 1497 superaddito
1036 1410 1133 1474 uires:

293 1491 348 1562 Sic
366 1496 419 1560 tibi
436 1495 458 1561 sr
474 1495 597 1581 ingenii,
615 1499 665 1558 vel
683 1512 791 1576 opum,
811 1495 845 1558 fit
862 1513 952 1578 parva
966 1491 1116 1575 neum,

293 1574 393 1663 Quod
405 1579 488 1642 deest
501 1579 533 1641 in
553 1576 613 1640 enii
627 1580 678 1642 uel
696 1596 805 1660 opum,
823 1596 863 1641 ne
877 1590 981 1660 coepta
995 1578 1157 1657 relinquas,

295 1662 369 1728 Hoc
386 1662 474 1726 labor
488 1681 506 1723 a
531 1660 634 1745 rduus,
651 1660 868 1743 duplicataque
884 1680 971 1745 cura,
990 1660 1146 1743 rependat:

296 1748 371 1811 Hoc
387 1745 483 1811 docet
495 1743 662 1809 innumeris
681 1765 750 1825 qua
765 1744 796 1810 se
811 1737 955 1824 supientia
970 1747 1063 1809 rebus

297 1826 402 1913 Didit,
421 1827 507 1896 &ad
521 1826 622 1893 varios
637 1826 721 1893 varie
739 1828 770 1892 se
786 1828 1010 1893 accommodat
1023 1827 1107 1892 usus.
1129 1891 1131 1895 .

240 1937 275 1987 ιι
299 1910 381 1977 Dira
393 1912 537 2007 veneticji
553 1912 672 1992 serpeus
683 1912 765 1976 licet
778 1907 883 1994 inscia,
902 1912 1052 1976 membris

300 1997 440 2062 Vulnera
458 1997 585 2062 tabrfico
601 1996 668 2081 figit
686 1996 809 2060 lethalia
823 1993 944 2061 morsu:

297 2080 393 2225 &aud
410 2080 497 2144 aliter
513 2080 634 2141 lethum
650 2077 702 2143 dat
719 2079 903 2159 inevitabile,
922 2079 1004 2143 saevo

333 2167 450 2242 uiuere,
466 2161 625 2246 garrulitas
640 2161 753 2225 rabida
767 2160 926 2226 temeraria
943 2162 1066 2258 lingua.

242 2262 281 2312 12·
301 2243 389 2311 Sicut
405 2244 491 2310 enim
506 2244 633 2326 sapiens,
652 2243 738 2310 redo
754 2244 965 2334 moderamine
982 2240 1104 2333 lingua,

226 2332 228 2338 '
303 2328 405 2396 Utilis
422 2329 482 2412 ipse
497 2329 549 2393 fibi
569 2328 622 2412 cll,
642 2328 711 2393 aliis
729 2348 853 2411 quoque
869 2333 969 2397 multa
985 2326 1130 2391 ministrat

301 2412 497 2492 Commoda;
520 2414 559 2477 fic
579 2413 698 2495 stultus,
717 2412 810 2478 frenis
828 2407 961 2477 inhibere
978 2413 1139 2494 loquelam

300 2495 450 2580 Nescius,
469 2499 605 2584 ingentes
619 2496 747 2579 aliisque
764 2496 877 2577 sibique
893 2496 1018 2561 dolores

301 2579 445 2664 Parturit,
464 2598 495 2646 at
509 2581 585 2645 verb
601 2581 737 2663 inprimis
755 2583 807 2646 tibi
820 2580 931 2645 noxius
947 2579 1009 2662 ipse
1025 2578 1079 2662 estq

302 2662 443 2730 Obrutus
461 2664 521 2746 ipse
537 2664 596 2728 sua
613 2666 689 2748 perit
704 2664 758 2726 ille
774 2664 917 2760 voragine
934 2665 1058 2750 linguae.

244 2768 281 2836 13
302 2739 470 2813 stultitiam
485 2747 595 2826 effutit,
613 2748 670 2810 r'uri
688 2748 777 2810 simul
794 2748 911 2830 incipit,
930 2762 961 2808 at
979 2745 1058 2809 cium

303 2826 499 2914 Progreditur
513 2829 660 2910 sermonis
677 2830 743 2912 iter,
762 2830 932 2912 prorumpit
949 2831 981 2893 in
997 2844 1092 2894 omne

308 2914 488 2999 Flagitium,
507 2912 643 2994 laxisque
657 2911 763 2978 furens
781 2915 948 2979 bacchatur
963 2914 1097 2977 habenis.

243 3018 284 3082 14
302 2997 382 3063 Mos
401 3017 525 3080 quoque
542 2996 755 3063 llultorumell
770 3004 884 3062 multas
900 2996 1057 3062 effundere
1068 3013 1170 3079 uoces,

305 3083 469 3164 Verbaque
483 3078 649 3162 vaniloqui
666 3083 827 3146 cumulare
843 3081 1015 3164 improuida
1029 3077 1142 3164 lingui,

303 3162 428 3245 Speque
439 3163 616 3227 futurorum
632 3161 745 3252 stolido
761 3166 814 3231 fibi
830 3164 953 3248 peciore
969 3164 1120 3246 plaudunt
1156 3188 1159 3206 2

262 3300 264 3307 A
304 3245 474 3332 Ambigua,
492 3247 569 3312 cium
586 3266 681 3312 nemo
696 3247 773 3314 sciat
788 3249 927 3315 mortalis
942 3248 974 3311 in
991 3251 1066 3311 orbe

307 3329 395 3414 Quid
409 3330 487 3395 ferat
503 3333 577 3395 hora
590 3329 738 3412 seque’ns;
753 3333 871 3398 latitant
881 3331 935 3396 sub
948 3330 1040 3396 nodie
1057 3329 1170 3397 futura:

307 3412 426 3494 Ecquis
441 3414 526 3479 enim
541 3416 671 3479 tenebris
687 3420 770 3481 valet
787 3418 850 3480 hac
867 3416 999 3481 educere
1015 3416 1126 3480 caecisl

247 3515 286 3580 15
306 3496 481 3563 Stultorum
490 3517 597 3594 genus,
613 3499 779 3584 incassum,
798 3499 980 3581 frustrique,
1000 3496 1131 3583 laborat,

305 3579 432 3664 Semper
448 3582 478 3645 br
493 3601 525 3645 rn
541 3581 621 3646 curis
639 3584 793 3649 consumit
808 3583 947 3649 inanibus
962 3601 1075 3667 aevum,

305 3662 397 3729 Nam
412 3682 517 3730 veram
533 3667 697 3747 quaerendo
712 3667 818 3748 nequit
834 3666 962 3749 reperire
978 3669 1127 3749 quietem.

247 3749 287 3812 16
305 3750 364 3826 Va
378 3749 444 3833 tibi,
464 3753 555 3816 terra!
577 3765 643 3814 tuas
661 3753 714 3816 ubi
727 3751 795 3817 Rex
807 3752 860 3833 qui
875 3748 983 3816 tradat
1001 3752 1134 3816 habenas

304 3828 357 3897 Est
373 3853 458 3916 puer,
476 3833 697 3919 indulgentque
712 3838 805 3922 gule,
824 3834 877 3918 qui
891 3836 963 3918 juta
976 3835 1159 3916 ministrant,

303 3912 472 4004 Mani,ubi
487 3917 533 3983 sol
552 3917 677 4001 liquidis
690 3919 829 4012 primunt
844 3935 937 4004 caput
953 3920 1061 3988 exserit
1076 3918 1195 4068 undifs's

1008 4037 1012 4043 -
1076 4015 1114 4088 17
1163 4014 1204 4067 eu
