2792 4800
407 371 615 499 cnr.
665 351 823 461 xnxr.
888 398 891 402 ·
1049 407 1118 494 tn

197 513 282 586 Non
297 534 358 603 ego
371 512 443 579 sum
458 510 586 581 viduam
602 526 729 578 tenuem
743 514 934 583 macrescere
946 517 1059 609 patrus,

251 600 327 672 Nec
342 602 453 665 duram
468 598 547 662 hanc
564 596 647 663 lente
662 596 850 681 depopulare
863 598 992 673 famem.

138 689 177 774 '1'7
198 684 281 754 Non
296 705 355 772 ego
371 682 500 747 delicias
518 685 681 765 carpebam
697 684 782 748 solus
798 702 952 770 amoenas,

252 769 314 837 Sed
329 768 415 834 socia
432 766 483 830 bic
501 766 623 831 soboles
640 767 716 829 orba
731 771 863 850 parentis
877 785 958 841 erat:

137 853 177 927 18
199 857 261 923 Illa
275 854 367 938 igitur
382 866 488 917 tenero
502 866 620 934 patrem
634 867 687 913 me
701 850 779 917 dixit
792 854 831 916 ab
849 870 928 941 ovo,

249 937 359 1004 Altera
374 950 548 1019 patronum,
562 937 605 999 ast
622 949 750 1015 utraque
766 956 849 1021 vera,
864 938 967 1006 sunm.

139 1041 181 1108 19
200 1020 234 1089 si
252 1023 321 1105 quis
339 1036 403 1085 erat
419 1018 643 1106 rigidegelido
657 1018 713 1083 sub
731 1018 826 1086 fidere
839 1025 957 1091 bruma

248 1102 379 1189 Nudus,
398 1104 428 1170 dt
445 1104 588 1169 occlusas
603 1102 733 1189 frigidus
748 1121 820 1171 ante
833 1104 936 1177 soree:

135 1209 178 1258 20
198 1190 260 1258 llle
275 1191 354 1254 meis
371 1193 496 1260 lumbos
545 1189 651 1273 egibue
666 1188 790 1254 vestitus
806 1192 910 1277 adivit,¹

250 1272 291 1342 Et
307 1272 413 1338 calido
427 1273 507 1355 placi
531 1275 687 1336 avellere
704 1269 802 1338 cestus
819 1274 910 1346 ovis:

198 1359 261 1426 Ille
277 1358 350 1425 abiit
366 1356 442 1424 letis
459 1356 567 1421 testans
583 1355 638 1421 sua
651 1355 765 1441 gaudia
779 1359 891 1443 verbis,
931 1392 938 1404 =

250 1439 291 1508 Et
306 1442 417 1507 faustas
435 1461 491 1524 pro
505 1459 557 1505 me
572 1438 654 1505 fudit
670 1443 709 1503 ab
725 1460 780 1506 ore
795 1462 912 1526 preces.

135 1547 172 1594 21
197 1521 273 1590 Nee
291 1526 368 1591 dum
385 1528 451 1592 sors
466 1541 590 1591 tenuem
606 1525 707 1609 preffit
721 1527 894 1595 miseranda
911 1527 1069 1615 clientem,

245 1608 558 1695 Subtrariaurilium,
578 1610 639 1691 qui
650 1609 722 1675 data
737 1610 851 1698 canss'a,
866 1630 993 1681 meum:

196 1692 347 1776 Cquue
364 1693 522 1761 fatiscebat
536 1693 667 1779 gravide
683 1694 739 1759 sub
754 1699 841 1761 mole
858 1699 965 1782 ruina,

246 1775 328 1845 Non
343 1796 414 1845 mea
427 1795 501 1844 tunc
519 1782 655 1843 celerem
669 1778 777 1843 dextra
792 1783 916 1867 negavit
930 1799 1033 1867 opern

134 1884 174 1932 aa
196 1862 297 1948 Quod
316 1860 434 1928 nferre
450 1877 554 1927 tamen
571 1861 734 1926 mendacia
750 1864 866 1950 fingere
881 1865 972 1953 nitar,

155 1955 158 1961 “
248 1945 291 2013 Et
305 1945 398 2013 tacite
414 1946 508 2012 falsos
523 1946 710 2012 diffimulare
725 1945 834 2018 dolos:

197 2030 266 2115 Ipsa
282 2031 358 2097 mihi
374 2031 406 2097 in
422 2031 529 2096 medio
540 2030 720 2129 frangantur
735 2032 858 2099 brachia
872 2034 972 2122 nodo,

247 2114 289 2181 Et
302 2116 430 2199 scapula
444 2134 482 2180 cx
499 2117 633 2181 humens
649 2115 773 2182 decidat
788 2117 851 2201 ipsa
863 2120 961 2188 meis:

129 2222 170 2289 23
191 2196 284 2265 Nam
298 2199 395 2266 Patris
413 2201 543 2283 aethnei,
562 2218 665 2264 rerum
682 2201 736 2297 qui
751 2200 851 2268 frenat
868 2203 1015 2287 habeam

247 2282 331 2349 Ante
346 2287 461 2349 oculos
477 2284 597 2367 semper
613 2284 707 2348 stabat
723 2303 827 2371 imago
841 2302 954 2353 meos:

193 2368 279 2435 Ante
296 2370 409 2435 oculos
426 2364 558 2434 Domini
575 2367 729 2450 prasentia
743 2370 871 2435 numina
886 2369 1006 2453 semper

248 2451 281 2515 A
296 2451 377 2516 vitiis
394 2453 535 2515 animum
551 2450 732 2516 continuere
747 2469 865 2516 meum.

131 2560 172 2624 24
192 2531 271 2599 Nec
286 2551 358 2598 mea
372 2552 463 2598 mens
480 2530 585 2616 tacite,
604 2535 685 2597 flavo
702 2534 822 2599 confisa
837 2537 978 2623 metallo,

245 2615 346 2701 Dixit,
366 2633 399 2684 tu
417 2617 485 2681 vita
503 2637 536 2682 es
552 2614 654 2683 canna
669 2616 812 2700 salusque
825 2635 914 2686 meae.

135 2728 176 2789 25
196 2702 272 2771 Nec
289 2703 366 2765 mihi
382 2702 495 2766 divitia
510 2704 614 2767 multo
629 2699 741 2766 sudore
755 2701 882 2788 condia,

242 2787 427 2868 Reculaque
443 2783 564 2850 affiduae
580 2800 665 2869 parta
680 2788 787 2851 labore
803 2786 928 2873 nana,

191 2869 313 2939 Lentia
330 2873 447 2954 replere
462 2869 602 2934 animem
620 2868 759 2952 potuere,
779 2892 837 2935 nec
856 2891 1009 2954 umquam

249 2954 418 3021 Caeclrunt
434 2953 546 3018 stolido
562 2951 668 3036 pedus
682 2972 789 3017 amore
804 2973 923 3036 nrum.

133 3043 172 3109 26
191 3037 267 3106 Nec
284 3039 331 3104 sol
350 3038 427 3103 ciem
444 3037 576 3102 nitidum
590 3036 681 3100 radiis
694 3037 830 3104 lustravit
843 3043 1020 3125 olympum,

245 3122 379 3189 Caerulei
399 3140 560 3205 peragrans
578 3120 718 3184 eulmina
733 3122 816 3186 celsa
831 3124 911 3206 poli;

193 3203 269 3272 Nec
286 3219 364 3294 vaga
381 3206 459 3270 cdrn
476 3208 565 3270 coelo
581 3202 718 3288 fulgebat
733 3207 809 3270 luna
822 3207 941 3294 sereno,

243 3291 409 3357 Astrororn
427 3291 458 3355 in
474 3292 584 3354 vitreas
604 3286 770 3370 exspatiata
786 3295 906 3376 plagas:

135 3394 173 3459 27
191 3373 278 3441 Belia
293 3373 450 3460 jactabam
468 3373 585 3439 stolidis
603 3373 696 3437 libata
715 3374 853 3455 labellis;

241 3455 317 3525 Nec
335 3460 411 3525 deus
429 3458 577 3539 obsequio
594 3457 644 3520 hic
667 3477 726 3523 nec
744 3457 802 3522 dea
817 3463 905 3525 culta
922 3479 1011 3528 meo:

193 3540 272 3609 Nec
295 3545 368 3608 mihi
387 3533 529 3627 persuafit
544 3558 610 3607 tam
627 3543 772 3625 splendor
788 3545 929 3611 amabilis
946 3549 1021 3610 illos

245 3626 413 3712 Propterea
429 3648 520 3693 veros
537 3627 596 3693 effe
615 3643 719 3711 putate
736 3628 823 3692 deos,

131 3713 174 3784 28
194 3714 272 3782 Hoc
290 3715 385 3779 ctiam
399 3712 501 3777 scelus
518 3711 571 3794 cst,
590 3711 768 3791 meritoque
784 3713 932 3794 infligeret
946 3711 994 3775 illi

245 3798 382 3864 Horrida
397 3797 430 3864 se
472 3797 581 3861 licium
597 3796 713 3879 judicis
732 3796 776 3859 ira
791 3796 904 3862 suurn:

188 3877 287 3948 Nam
305 3884 345 3948 src
364 3882 424 3948 effe
476 3899 549 3946 eum
564 3879 686 3944 vesania
701 3880 803 3945 nostra
818 3895 953 3964 negaret,

157 3990 160 3995 ·
249 3967 317 4052 Qui
334 3967 412 4057 regit
428 3967 526 4036 eterni
546 3966 643 4030 laeta
658 3963 780 4035 summa
792 3963 870 4050 poli.

248 4051 255 4059 ”
548 4042 584 4133 Y
603 4066 625 4133 y
988 4059 1031 4126 29
1050 4033 1123 4105 Nec
