2792 4800
297 461 373 550 402
538 442 1045 528 nccsrsrasrrs

365 590 509 675 Pauperis
523 594 587 656 alta
600 593 685 674 quies
701 591 820 657 refovet
837 591 915 658 dum
930 595 1084 680 membra,
1102 583 1246 665 tenebrat

366 677 526 744 insomnes
544 678 619 761 agit:
640 678 735 743 Haud
753 678 855 742 oculis
872 692 924 741 aut
960 677 1062 743 edlore
1078 678 1209 747 nouem

369 762 507 843 Accipit,
526 761 714 844 ingeminant
730 780 823 843 cura,
844 698 1004 843 rursusque
1021 761 1183 846 resurgens
1212 781 1215 786 ·

370 844 462 912 sevit
472 862 559 909 amor
566 847 698 929 nummi,
716 846 745 909 dt
763 846 911 910 scelerata
928 846 1041 912 insania
1057 848 1150 911 lucri.
1238 921 1242 927 ¹

310 948 348 1017 13
369 931 446 995 Hac
464 949 589 1012 quoque
605 929 724 993 divitias
741 929 910 1008 aliquando
926 929 1204 996 incommodavidi
1230 942 1234 948 '

371 1011 462 1079 Dura
477 1013 577 1093 sequi:
599 1011 745 1077 Dominis
762 1015 865 1077 multo
880 1012 990 1080 sudore
1008 1013 1148 1079 coadlae·

370 1097 509 1163 Exitium
525 1093 665 1179 peperere
682 1097 742 1160 suis
758 1097 934 1178 vastamque
951 1098 1089 1165 ruinam:

372 1180 478 1264 Quid?
499 1180 598 1260 quod,
614 1181 743 1248 avaritia
754 1180 926 1245 ilimulante
936 1180 1082 1264 cupidine
1098 1198 1202 1263 caeco,
1221 1194 1226 1203 '

370 1265 470 1330 Filius
487 1278 556 1328 ante
573 1265 656 1327 diem
672 1264 803 1348 longavi
817 1262 882 1329 fata
899 1264 1029 1346 parentis

369 1347 553 1432 Pracipitat,
571 1367 684 1433 genero
701 1348 788 1412 socer
805 1348 846 1413 est
861 1349 973 1413 invisus
990 1368 1101 1414 avaro:

373 1433 569 1498 Germanum
583 1450 744 1515 germanus
760 1446 857 1514 atrox,
876 1451 1021 1528 germana
1037 1431 1179 1497 sororem
1208 1439 1212 1447 “

371 1516 501 1596 Enecat,
523 1518 706 1580 &maculat
724 1532 856 1598 cognato
872 1516 1018 1602 languine
1035 1514 1172 1579 ferrum:

370 1596 446 1664 Nec
464 1600 566 1663 socius
582 1598 679 1678 socio,
699 1619 757 1662 nec
776 1599 838 1662 fida
854 1601 895 1663 eil
911 1608 1005 1681 'nupta
1022 1598 1147 1678 marito,

371 1680 447 1747 Nec
463 1683 532 1747 satis
551 1685 591 1747 eil
609 1684 715 1761 hospes
732 1683 857 1746 securus
874 1684 912 1746 ab
930 1683 1060 1765 hospite:
1082 1679 1225 1746 Tantum

375 1762 456 1831 Dira
471 1763 570 1850 fames
587 1768 650 1830 auri
668 1768 766 1847 potuit
781 1765 907 1832 suadere
923 1771 1093 1831 malorum.

310 1869 352 1933 14
372 1849 478 1934 Quim
488 1848 598 1915 misere
610 1852 689 1914 bona
706 1866 761 1931 tot,
779 1853 876 1933 longo
894 1851 1036 1935 congesta
1052 1849 1171 1932 labore,

375 1933 459 2001 Mox
474 1947 611 2018 pereunt,
631 1937 766 1996 celerem
782 1933 915 1997 dominis
931 1928 1275 2016 properantia-mortem!

313 2039 352 2101 15
373 2017 447 2084 Esto
461 2035 575 2099 autem,
595 2017 753 2099 placidum
770 2018 911 2102 transegit
926 2019 1055 2082 suaviter
1072 2034 1175 2082 avum
1200 2030 1205 2044 '

375 2099 486 2182 Dives,
508 2101 582 2165 &in
600 2104 758 2164 tumulum
775 2102 835 2163 line
854 2101 936 2164 caede
953 2103 983 2167 u
999 2100 1146 2187 sanguine
1161 2095 1252 2163 venit:

374 2183 499 2249 Cnosia
517 2198 619 2247 tamen
635 2184 733 2246 soboli
745 2186 826 2247 bona
842 2199 925 2265 parta
941 2184 972 2248 in
988 2201 1091 2249 morte
1108 2183 1260 2261 relinquet,

374 2265 412 2330 N
415 2289 450 2331 ec
463 2266 632 2349 quidquam
643 2268 674 2330 in
686 2287 762 2331 cava
773 2266 857 2332 bulla
866 2266 959 2334 feret:
973 2266 1161 2345 (miserabile
1171 2260 1285 2337 dietuu·

375 2349 493 2417 Nudus
511 2367 545 2416 ut
564 2370 600 2416 cx
620 2366 708 2415 utero
723 2366 863 2415 materno
879 2352 989 2434 prodiit
1006 2350 1119 2435 infans,

375 2434 494 2502 Nudus
512 2438 542 2502 dt
558 2437 589 2500 in
605 2452 689 2499 terror
706 2436 859 2521 gremium
874 2436 939 2519 poll
956 2435 1019 2499 fata
1034 2435 1203 2502 recumbet.

315 2525 356 2588 16
376 2521 461 2605 Ergo
479 2520 554 2602 quid
572 2520 642 2584 inde
660 2521 731 2584 boni
748 2516 867 2597 fruslils
885 2520 955 2584 tulit
970 2518 1037 2602 ille,
1057 2521 1197 2584 laborans

378 2604 601 2682 Comprensare
617 2603 677 2666 suis
694 2605 857 2667 simulacra
871 2602 995 2687 fugacia
1009 2603 1144 2686 palmis?

316 2705 355 2771 17
376 2686 428 2751 Sic
445 2687 535 2748 miser
550 2686 581 2747 in
597 2701 696 2748 morte
712 2686 769 2752 est:
808 2688 894 2767 Quin
912 2690 952 2767 dr,
969 2685 1047 2750 dum
1061 2688 1125 2752 vita
1139 2685 1270 2768 manebat,

376 2767 514 2833 AEtatem
530 2767 671 2831 miseram
686 2770 717 2830 in
733 2770 862 2831 tenebris
879 2770 1027 2849 ludluque
1043 2771 1187 2856 trahebat,

376 2850 506 2917 Peuora
523 2851 661 2915 sollicitis
677 2867 822 2930 torquens
839 2853 1018 2935 trepidantia
1035 2855 1132 2936 curis,

376 2935 629 3018 Nonnumquam
645 2937 674 3000 δι
690 2935 805 3000 miseris
823 2938 978 3002 cruciatus
995 2958 1128 3021 corpora
1137 2936 1253 3007 morbis:

378 3018 513 3102 Insuper,
531 3022 561 3084 dc
578 3020 732 3083 scelerum
746 3020 841 3084 facies
858 3021 1007 3085 horrenda
1021 3022 1151 3088 suorum

377 3104 537 3168 Attonitos
554 3104 630 3167 iletit
646 3119 716 3166 ante
732 3108 855 3185 oculos,
875 3105 1056 3187 semperque
1073 3105 1177 3195 coegit

378 3185 515 3292 Magnas
531 3187 606 3251 inter
623 3207 695 3267 opes
714 3188 837 3270 inopem
854 3188 1011 3252 traducere
1025 3189 1135 3257 vitam.

321 3274 357 3340 18
378 3271 462 3356 Ergo
482 3270 566 3351 quod
583 3270 706 3354 edidici,
727 3274 823 3356 longo
839 3271 1003 3337 consuetus
1021 3275 1059 3335 ab
1077 3275 1146 3358 usu,

378 3356 465 3420 Audi
482 3353 624 3437 avide&
640 3354 765 3419 monitis
781 3356 900 3420 animos
918 3356 1068 3421 advertito
1083 3358 1205 3426 nostris:

378 3440 501 3520 Arripe‚
521 3439 597 3501 dum
613 3437 659 3501 fas
676 3438 728 3520 eil,
749 3440 857 3503 celeris
874 3441 954 3504 bona
971 3441 1092 3504 lubrica
1106 3443 1187 3527 vite,

379 3523 459 3606 Quae
476 3520 564 3585 Deus
583 3521 643 3602 ipse
657 3520 710 3585 tibi
732 3521 817 3586 dulci
833 3523 887 3586 sub
905 3524 1023 3588 lumine
1037 3524 1115 3590 solis

377 3607 512 3688 Sufficit,
531 3602 661 3671 &sellas
677 3603 803 3689 frugum
818 3606 872 3669 tibi
887 3625 1016 3672 munere
1032 3609 1127 3696 vires,

378 3691 547 3772 Cordaque
563 3689 688 3754 latifico
704 3694 804 3754 releva
823 3691 996 3775 languentia
1011 3691 1098 3776 vinu,

375 3773 596 3856 Jucundosque
612 3792 741 3856 operum
756 3773 874 3839 fruslus
891 3797 929 3840 ne
946 3776 1051 3858 linque
1068 3780 1211 3855 tuorum

375 3857 466 3922 Nam
481 3859 558 3923 dum
571 3859 633 3922 vita
649 3874 763 3940 manet,
783 3859 859 3922 dum
875 3858 999 3941 pectora
1013 3859 1136 3943 spiritus
1154 3869 1244 3947 urget,

376 3941 605 4026 Dumfragiles
620 3957 738 4026 vegetat
754 3944 893 4007 morituri
910 3944 1049 4027 corporis
1065 3959 1162 4031 artus,

375 4023 572 4100 eunuorum
588 4026 651 4092 hac
667 4044 786 4098 merces
800 4027 932 4112 superest
948 4028 1002 4098 tibi
1017 4028 1084 4096 sola
1102 4029 1284 4174 labmuffo'tir
