2792 4800
515 426 560 502 o
597 422 634 501 r
678 423 724 496 v.
777 424 851 498 rr.
1093 433 1166 525 aar
1265 519 1267 525 Ι

232 557 326 643 Quid
340 559 435 645 jocus
452 562 505 648 est,
523 561 619 628 stulta
636 559 689 627 nist
706 562 775 626 lata
787 556 1044 646 insaniamends?

236 639 331 720 Risus
350 647 391 730 dr,
409 646 543 713 altisono
558 646 749 727 distorquens
766 665 821 710 ora
836 645 1001 734 cachinno,

234 727 325 874 ssuid
340 728 434 797 facit?
452 746 506 797 aut
521 730 560 795 in·
571 746 666 812 quam
677 744 817 812 properat
827 730 1013 816 contendere
1025 732 1162 808 metam?

190 832 214 911 3
272 827 305 877 ot
321 813 397 879 verb
413 814 542 898 expertis
558 811 697 904 requiem
709 812 875 903 quaerendo
892 814 1040 901 cupitam,

236 895 421 1042 §conibet
432 898 511 963 baud
523 898 654 987 usquam
664 898 787 962 invenio
798 896 978 991 vastumque
986 919 1041 992 per
1051 898 1160 966 orbem

278 982 343 1045 ulia
359 980 520 1055 salutiferae
535 982 627 1046 video
642 948 828 1065 compendia
842 980 929 1061 vitm

231 1060 315 1129 Non
331 1080 437 1134 tamen
452 1066 559 1140 absisto
575 1065 604 1129 vi
626 1063 659 1127 ili
675 1065 847 1149 perquirere
859 1068 946 1152 cord,

236 1147 401 1231 Quidquid
417 1150 569 1219 auricomi
599 1148 734 1233 pedatur
751 1150 869 1223 lumine
886 1148 1014 1228 Phoebi;

234 1230 280 1297 Et
294 1233 421 1316 reperire
435 1254 511 1318 paro
525 1232 679 1320 ringens
694 1234 849 1303 mortalis!
863 1231 894 1299 in
911 1237 988 1300 orbe
1107 1268 1114 1286 ν

236 1315 313 1399 Qud
332 1317 448 1383 ratione
468 1336 562 1400 queas
579 1316 738 1383 traducere
752 1316 881 1383 suaviter
896 1337 1009 1403 avum,

235 1396 291 1480 Et,
312 1399 428 1467 stolidis
446 1402 529 1467 curis
547 1401 703 1483 animique
721 1419 835 1495 angore
852 1416 986 1490 remoto,
1067 1445 1070 1453 ·

233 1478 365 1548 Ducere
379 1483 520 1564 sollicitat
535 1483 675 1569 jucunda
688 1484 804 1558 oblivia
817 1482 903 1559 vita:

237 1566 365 1632 idcircb
383 1569 514 1645 laticum
529 1572 574 1644 lar
595 1567 613 1633 ὲ
630 1586 702 1636 mea
718 1568 811 1643 sumit
827 1568 979 1645 honorem

235 1646 386 1745 Dextera,
402 1654 529 1722 latifico
541 1590 678 1726 reffevans
690 1652 765 1724 mihi
820 1650 905 1727 diora
920 1653 1032 1727 vinot·

232 1730 316 1799 Non
331 1751 435 1801 tamen
452 1752 486 1802 ut
501 1740 604 1801 multo
618 1736 754 1826 stupeant
766 1671 951 1819 gressumque
966 1735 1047 1806 telin
1069 1752 1144 1811 aaut

233 1816 342 1883 Corda
357 1818 475 1903 sepulta
488 1838 587 1904 mero,
607 1819 659 1884 sed
676 1836 810 1896 acumen
826 1822 952 1894 flamma
966 1822 1042 1889 mini
1084 1838 1114 1889 et

233 1900 338 1986 Vitea,
358 1904 388 1969 ἀ
403 1908 584 1974 accumulet
598 1903 735 1975 noiirunr
750 1903 896 1969 infinuata
911 1902 1063 1990 vigorem.

188 2001 212 2067 ,4
234 1984 456 2070 limnensaeque
472 1989 566 2065 etiarn
583 2002 691 2073 turres,
710 2005 747 2051 ac
764 1985 855 2071 reeta,
873 1986 1028 2073 minaeque

232 2068 407 2137 Murorum
418 2073 448 2136 in
470 2087 565 2155 entes,
586 2085 765 2165 aequataque
781 2071 898 2158 moenia
915 2076 1015 2159 coeio,

230 2152 315 2223 Sunt
331 2156 440 2239 opibus
448 2090 606 2223 {abricara
622 2155 719 2235 meis3
739 2153 878 2239 edesque
893 2152 1024 2226 decoras
1154 2215 1157 2223 .

231 2235 388 2324 Exstruiti,
405 2254 498 2322 atque
514 2239 584 2306 med
600 2243 734 2322 plantata
749 2238 792 2304 est
808 2239 941 2323 plurima
955 2242 1063 2312 dextra

232 2319 331 2407 Vitis,
351 2323 383 2389 in
399 2322 586 2390 immensum
602 2323 730 2388 extentis
746 2319 857 2388 diffusa
871 2325 1004 2391 racemis

230 2403 391 2487 Celsaque
407 2407 544 2494 turrigeri
558 2405 775 2473 transcendens
787 2406 927 2484 culmina
941 2376 1023 2475 mair
1031 2433 1041 2479 t

231 2484 374 2554 Plantavi
391 2489 558 2555 innumeris
574 2487 731 2554 distinbbos
749 2489 875 2565 floribus
892 2491 1008 2585 hortos,

230 2570 342 2656 Atque
356 2572 517 2640 salutifera
534 2572 636 2638 succis
651 2571 835 2652 variantibus
850 2574 965 2656 herba3

234 2654 289 2723 Ut
305 2675 392 2723 nares
408 2657 516 2742 paflim
533 2657 685 2739 ambrofio
701 2658 894 2735 vehementer
910 2658 1009 2737 odota

232 2737 431 2827 Pellicerent‚
450 2741 577 2824 visuque
593 2743 719 2824 oculos,
736 2740 886 2840 gustuque
900 2746 1050 2824 palamm,

184 2842 212 2906 ς
233 2821 330 2890 Plena
345 2845 471 2909 quoque
488 2824 646 2903 arboribus
663 2825 748 2906 statur
765 2825 907 2909 partiaria·
918 2828 1051 2915 cunetis,

236 2907 288 2975 Ut
303 2909 406 2991 sensus
422 2909 542 2991 varium
557 2929 590 2974 ra
611 2924 696 2974 erent
711 2909 887 2996 generantia
900 2906 1051 2997 fructum,

232 2989 458 3076 Defessumque
474 2993 528 3068 sua
543 3012 575 3071 re
590 3008 716 3060 overent
731 3012 843 3075 corpus
860 2992 893 3059 in
909 2995 1029 3060 umbra.

188 3076 211 3144 6
231 3076 306 3159 Huc
325 3077 461 3171 liquidos
476 3095 547 3140 mea
562 3096 637 3156 cura
651 3079 739 3142 lacus
756 3077 786 3142 dt
802 3075 904 3165 stagna
919 3077 1044 3172 co'e‘git3

229 3160 335 3225 Arbor
352 3176 397 3244 ut,
413 3179 451 3226 ex
467 3159 534 3238 into
548 3159 702 3236 foecundo
717 3163 846 3237 humore
860 3161 885 3240 ri
926 3169 981 3253 ta,'

230 3241 422 3310 Frondentes
438 3242 501 3326 lati
517 3261 621 3318 ramos
638 3245 668 3309 dr
683 3244 806 3308 brachia
819 3258 871 3324 ten
893 3263 947 3310 ens

231 3328 306 3394 Huc
324 3329 402 3393 illuc
433 3326 537 3393 media
553 3328 616 3411 ipsa
631 3327 661 3393 in
683 3342 786 3393 entem
800 3327 939 3405 redderet
956 3326 1109 3401 umbram.

189 3424 209 3492 7
231 3378 473 3495 Innumeroique
489 3411 563 3475 mihi
579 3347 717 3477 famuios
732 3409 927 3493 famulasque
941 3413 1044 3498 paravi

234 3491 401 3579 Undique,
419 3512 645 3578 vernarumque
659 3495 765 3594 ingens
783 3495 857 3559 mihi
873 3498 990 3581 vulgus·
1002 3495 1148 3580 abundat,

232 3576 368 3644 AEdibus
385 3579 418 3644 in
432 3579 541 3659 nostris
558 3579 643 3660 queis
659 3598 794 3663 prunum
811 3577 935 3660 infantia
952 3582 1075 3645 coelum

230 3662 399 3743 Hauserat3
420 3677 451 3739 at
473 3684 512 3728 ne
527 3663 625 3741 afinos
641 3664 671 3729 δὲ
686 3683 784 3760 equos
801 3662 839 3726 ad
854 3661 945 3738 fortia
958 3675 1060 3754 natos,

229 3747 337 3831 Atque
355 3683 509 3828 ,laborideri
526 3746 668 3822 sobolern
684 3765 755 3811 mea
768 3746 874 3812 dextra
888 3744 1028 3838 Juvenci,

221 3826 459 3915 lanigerasque
469 3830 600 3912 acquirit
615 3849 701 3914 oves,
720 3829 872 3911 hirtasque
887 3830 1022 3924 capellas

230 3911 458 3994 Silvicolasque
471 3913 563 3996 feras,
578 3932 710 3994 nurnero
720 3934 787 3996 qua
797 3913 976 3990 dicenenon
991 3876 1051 3991 etit
1119 3916 1122 3921 '

232 3996 342 4099 Quem
356 3997 409 4084 qui
426 3997 505 4067 scire
518 3999 605 4082 velit,
624 3996 738 4083 Libyci
752 3996 829 4068 velit
837 3998 967 4083 equoris
977 3995 1065 4090 idern

537 4079 567 4148 C
588 4100 607 4148 c
628 4100 647 4146 c
669 4100 688 4149 2
1020 4073 1153 4157 Drscera
