2792 4800
213 423 286 518 st⁶
560 414 839 523 JOB!

272 556 315 627 Et
329 552 391 621 hoc
407 550 532 621 beatum
547 554 636 620 latus
652 553 692 621 ad
708 555 924 639 spectaculum

324 639 438 705 Altum
454 638 642 706 cachinnum
657 639 791 707 suscitat.

213 734 252 800 ’ῃ
275 722 584 875 Erfflupfarentcm
601 721 756 789 CoeIitum
772 739 934 811 revertere,

444 827 504 890 que
519 810 597 873 tolle
613 806 781 891 supplices;

276 892 330 962 llli
346 890 518 977 propinquo
533 890 667 978 adiunge
683 905 714 956 te
730 893 900 979 consonum

326 974 459 1044 Sceleris
476 971 599 1039 nefandi
615 973 786 1057 poenitens;

276 1058 332 1131 Sic
348 1057 461 1125 blanda
475 1057 538 1122 scie
554 1076 611 1141 pax
627 1057 681 1123 tibi
693 1060 843 1128 comitem
857 1059 957 1145 dabit(

328 1142 370 1210 Et
385 1157 458 1208 vota
472 1140 579 1207 reddet
593 1141 746 1224 prosperas

217 1241 257 1306 22
277 1225 607 1314 Quastorevocesille
624 1222 903 1312 conquestionis·

331 1312 397 1378 Has
414 1330 486 1375 aure
507 1312 593 1374 laetus
610 1308 734 1375 imbibe.

215 1419 258 1487 23
277 1395 330 1465 Sic
346 1410 376 1461 te
392 1392 453 1478 ipse
471 1392 584 1459 summi
602 1388 760 1460 Dominus
778 1396 810 1462 de
825 1393 926 1465 senor
939 1383 1009 1482 poli

330 1476 460 1544 Cundlis
476 1477 576 1541 beabit
592 1478 779 1543 commodis.

218 1585 262 1651 24
281 1562 334 1632 sic
351 1577 385 1628 tu
400 1560 543 1644 maniplis
559 1577 647 1625 more
664 1560 746 1627 denli
762 1564 896 1645 pulveris

330 1643 441 1710 Sinum
456 1641 585 1726 replebis
601 1643 717 1713 aureis:

280 1729 417 1810 Aurum,
437 1727 567 1792 caminis
584 1747 621 1791 ex
640 1725 716 1793 Eois
730 1730 897 1813 profluens,

330 1808 512 1892 Tamquam
529 1810 652 1895 lapillos
669 1813 745 1878 colli
767 1833 809 1878 es.

220 1918 264 1982 25
281 1894 420 1977 Tibique
435 1912 539 1960 retum
555 1893 655 1961 redut
672 1895 705 1962 iu
721 1833 812 1964 suiuus
827 1896 922 1961 maiis

333 1978 467 2063 Asylum
481 1978 537 2043 erit
551 1978 748 2048 tutiffimum:

280 2061 355 2130 Nee
372 2066 456 2148 larga
472 2060 567 2127 deerit
583 2062 648 2126 cris
665 2081 817 2144 umquam
834 2066 938 2150 copias

334 2148 412 2229 Quae
429 2146 450 2210 s
480 2162 514 2208 m
532 2145 660 2211 reducat
676 2147 777 2213 anxio.

221 2234 264 2303 26
282 2228 380 2297 Tunc
398 2230 458 2312 ipe
474 2227 557 2293 certi
573 2228 707 2295 numinis
722 2229 839 2297 fiduuil

334 2313 454 2393 Pectus,
469 2311 584 2378 valebis
600 2310 719 2379 fortiter

285 2399 404 2469 Coram
415 2396 576 2464 tremendo
583 2396 631 2464 Re
652 2396 676 2463 is
695 2399 796 2465 menni
812 2399 925 2466 tluouo

336 2483 453 2550 Vultus
469 2497 537 2547 tuos
552 2417 705 2547 attulisse.

225 2586 265 2655 27
283 2565 380 2634 Tunc
397 2566 579 2649 supplicabis
596 2585 676 2630 voce
694 2566 903 2646 lamentabilis

336 2648 485 2714 Advertet
501 2648 555 2711 ille
573 2648 717 2730 supplici:

288 2730 385 2799 Tunc
401 2731 440 2794 ad
456 2729 607 2794 secundos
622 2746 694 2796 vota
709 2732 806 2797 duces
821 2732 917 2800 exitus
925 2752 939 2812 3·

338 2812 412 2880 Nec
429 2813 494 2897 spes
513 2815 615 2878 inanes
633 2816 760 2880 nutries.

227 2901 268 2975 28
289 2905 532 2986 Quamcumque
547 2905 651 2962 mente
661 2897 796 2966 statueris
807 2899 1004 2985 sententium

338 2983 456 3050 Eventu
471 2985 539 3045 laeta
554 2981 676 3050 sentiet:

286 3067 466 3135 Meridiano
484 3081 517 3129 ut
532 3066 677 3131 clariores
694 3067 813 3132 lumine

259 3170 263 3179 “
299 3145 302 3153 ’
340 3147 421 3214 Tute
437 3147 572 3213 actiones
587 3148 735 3233 fulgeant.

231 3249 272 3321 29
290 3231 421 3316 Dextri,
441 3231 563 3316 sinistri,
579 3235 667 3298 latus
683 3231 844 3299 intueberis

341 3314 410 3382 Tot
427 3317 553 3381 obrutos
568 3313 717 3383 moleiliis

291 3401 377 3467 Hinc
393 3399 463 3464 iude
478 3398 579 3478 duris;
600 3399 677 3464 liber
693 3399 753 3482 ipse
770 3400 800 3465 u
817 3401 929 3488 integer

342 3484 423 3582 Quo
439 3482 468 3546 in
487 3479 562 3547 Deo
577 3484 661 3580 spem
678 3487 857 3550 collocans:

291 3565 690 3733 leliltiilbit:
702 3568 839 3736 Qun

231 3760 272 3827 30
293 3736 357 3822 Qui
368 3733 504 3799 civitates
515 3732 609 3801 fulcit
624 3752 733 3801 omnes
749 3738 873 3823 robore,

345 3820 425 3901 Quae
443 3817 558 3881 scelere
575 3837 684 3900 puram
701 3819 861 3887 continent

293 3901 439 3971 Mentem
459 3918 666 3982 manumque3
682 3916 748 3967 tam
765 3904 852 3972 bonis
864 3905 1040 3993 placabilis,

342 3981 431 4054 Tam
445 3984 529 4054 mitis
546 3992 583 4054 ac‘
602 3985 755 4056 amabilis

1075 4056 1152 4150 cll
