2792 4800
407 364 790 522 crunnum
885 470 890 478 -
959 429 962 435 ·
1041 374 1173 531 Μ

125 546 216 662 'Quo
231 558 359 642 tandem
372 559 469 649 illius,
490 559 557 646 qub
576 561 643 649 sper
654 560 740 633 mali
750 562 879 635 credula
895 567 1031 660 tandem,

249 645 364 716 Tristia
380 646 461 721 crim
479 651 616 714 celerem
628 647 692 717 fata
707 646 813 722 tulere.
821 671 934 719 necem
951 657 965 722 i

149 754 172 821 9
193 734 248 801 An
266 728 501 800 Deusinrebus
517 735 709 817 clamantem
723 737 865 803 exaudiet
885 736 1003 807 asciis?

168 816 173 827 '
243 814 285 884 Et
302 814 393 883 sacro
412 835 451 882 ex
461 815 557 901 adyto
573 815 806 905 figursecunda
822 819 931 890 dabit?

130 919 170 977 ιο
190 899 247 970 An
259 894 328 965 scm
365 920 381 965 r
396 900 543 985 mandata
558 896 622 965 Dei
643 902 816 969 veneranda
831 908 995 974 revolvet?

217 989 223 1001 ‘
240 980 296 1052 An
317 919 438 1068 ipeemper
453 984 576 1053 miseras
590 982 701 1052 fundet
719 988 750 1052 in
761 986 838 1053 nitra
854 991 986 1072 preces?

129 1088 164 1137 rr
189 1065 240 1136 En
256 1069 348 1134 tobis
363 1068 503 1135 miranda
516 1068 601 1154 iero,
617 1072 819 1149 memoranda
834 1073 967 1139 recludo
983 1077 993 1142 i

239 1148 315 1219 Nec
332 1168 423 1218 taceo
439 1153 559 1238 leudes,
580 1154 725 1220 conditor
735 1159 841 1222 sinte!
863 1171 956 1228 tuas:

127 1256 167 1307 η
187 1235 262 1304 imo
279 1238 384 1320 patent
398 1238 502 1303 oculis
516 1236 699 1303 'anrdudum
715 1240 778 1304 haec
796 1240 904 1306 omnia
917 1239 1020 1311 vestris
1032 1261 1047 1311 2

239 1318 920 1408 &mmmmmwi

125 1420 165 1491 13
187 1402 305 1489 Impius
321 1404 487 1470 horrendas
503 1403 613 1487 patitur
630 1425 687 1487 pro
704 1405 833 1472 crimine
851 1425 981 1489 poenas3

250 1488 302 1556 llli
318 1486 388 1556 Rex
402 1488 572 1554 hominum
581 1488 708 1571 praemia
722 1489 753 1552 di
796 1508 815 1553 a
829 1489 930 1560 dabit:

187 1569 254 1639 Hic
273 1572 402 1671 scopus,
416 1573 480 1639 hcc
496 1571 612 1639 misera
622 1584 706 1639 meta
722 1593 740 1637 e
781 1586 918 1639 extrema
933 1569 1077 1661 senene,

236 1654 311 1723 Hoc
326 1677 358 1721 re
380 1672 404 1721 rt
419 1655 581 1723 infaustam
595 1656 714 1741 semper
729 1658 761 1724 in
776 1660 851 1723 orbe
872 1672 985 1727 rotam.

124 1756 169 1825 ¹4
189 1736 224 1807 Si
237 1671 379 1825 superesi
384 1738 431 1806 illi
447 1739 565 1807 sobolis
579 1740 744 1807 numerosa
763 1760 912 1831 propago,

238 1821 420 1907 Blandaque
431 1824 590 1907 posteritas
606 1842 677 1890 rura
691 1838 816 1907 paterna
830 1840 929 1895 renem

187 1903 362 1991 Trajicitur
377 1907 510 1993 medias,
525 1906 611 1976 ferro
625 1906 786 1993 reserante,
800 1909 982 1989 medulltst

237 1989 451 2075 Membraque
463 1990 632 2079 seoguineo
644 1996 772 2058 vulnere
788 1988 871 2058 seda
885 1993 1016 2059 cadunt:

190 2072 257 2140 Aut
274 2090 419 2159 mortem,
438 2074 612 2143 stimulante
632 2071 728 2161 fame,
750 2096 912 2175 properare
927 2079 1105 2152 morantem

239 2157 372 2243 Exoptat
387 2160 489 2247 longis
505 2174 660 2227 attenuata
677 2178 786 2227 mons.

123 2257 166 2323 15
187 2240 278 2325 Quos
291 2242 396 2310 habuit
408 2242 512 2309 socios
529 2244 722 2325 usquamv'el
739 2244 885 2346 sanguine
898 2241 1041 2329 junctos,

238 2328 308 2391 Hos
324 2327 445 2414 gremio
456 2326 613 2411 impofitos
630 2330 693 2393 alra
708 2331 821 2395 tenebit
830 2331 961 2395 humus:

188 2407 232 2473 Et
249 2409 325 2489 fiqui
340 2409 462 2478 fuerant
477 2411 608 2478 comites
624 2412 750 2491 carique
764 2411 940 2496 propinqui,

239 2489 397 2576 Rejicient
414 2493 522 2557 animo
536 2509 653 2559 nomen
665 2493 755 2558 inane
770 2494 845 2562 suo:

187 2567 265 2638 Nec
281 2573 400 2658 conjux
416 2574 543 2641 vidente
555 2577 659 2642 virum
675 2573 799 2642 deflebit
812 2576 994 2654 ademtam

240 2653 316 2722 Nec
334 2656 472 2724 lacrimis
491 2657 587 2726 faciet
603 2657 692 2725 strata
707 2659 833 2726 madere
847 2659 920 2726 liris.

126 2741 166 2807 16
185 2739 280 2807 Haud
296 2741 387 2808 secus
403 2760 441 2807 cc
458 2742 577 2812 cineres
594 2745 735 2809 cumulet
748 2743 822 2810 vasti
834 2744 900 2810 cris
915 2753 1062 2819 acervom

238 2822 281 2892 Et
295 2825 417 2893 tunicas
432 2825 522 2894 avide
538 2833 700 2925 comparet
718 2826 815 2913 usqne
831 2846 953 2894 novas:

126 2921 166 2988 17
186 2904 368 2992 Comparet,
385 2908 428 2976 tsi
445 2911 515 2976 iilos
530 2910 640 2993 recipit
656 2910 705 2992 pia
720 2914 808 2975 turba
829 2909 997 2998 gerendam

236 2991 279 3061 Et
294 3008 490 3060 coacervem
504 2995 575 3079 jure
583 3005 717 3076 reportat
731 3012 823 3075 opes:
910 3023 912 3027 ·

188 3073 334 3160 Adspicis
351 3079 506 3143 infirmam
523 3093 619 3160 qnam
635 3075 730 3142 nebit
744 3094 855 3143 annea
869 3077 982 3160 telam,

242 3159 419 3229 Visceribus
433 3179 568 3227 vacuans
585 3156 708 3242 pectora
723 3178 815 3243 parva
834 3158 921 3226 fuis?

126 3235 169 3308 18
188 3239 264 3309 Ads
277 3245 334 3311 icis
355 3247 480 3311 alternae
497 3245 653 3344 gentinata
672 3259 707 3309 ut
726 3244 826 3327 gloria
839 3245 920 3309 filvtc

186 3265 988 3494 nirntrnmusenten2

240 3496 321 3596 Quat
335 3496 436 3564 subito
451 3495 585 3582 Zephyri
608 3494 732 3560 flamine
750 3493 837 3579 pulsa
852 3508 931 3561 ruet.
953 3541 955 3544 -

124 3596 167 3662 19
185 3580 304 3663 iruprua
320 3599 397 3645 ecce
413 3584 521 3664 opibus
532 3582 667 3667 pollens,
686 3597 881 3662 numeroque
895 3572 1059 3656 clientrim,

246 3664 273 3729 F
275 3680 392 3731 ortunae
408 3665 560 3732 instabiles
576 3663 682 3730 sentiet
698 3663 759 3744 ipse
774 3664 874 3729 vices!
991 3738 998 3754 ‚

186 3746 273 3814 Ant
302 3747 398 3834 renis,
418 3749 553 3816 tendenti
569 3750 696 3830 oculor,
714 3745 820 3811 dextri
836 3760 929 3826 atque
946 3736 1069 3822 iimstri,

239 3799 351 3899 Nemo
365 3833 450 3900 debit
466 3833 634 3918 placidam,
651 3830 731 3895 sorte
747 3844 915 3912 premente,
929 3841 1082 3893 manum:

187 3910 303 3989 Nemo
317 3919 506 4003 temporibus
518 3916 645 4002 'lapsum
659 3914 806 3979 relevabit
821 3913 852 3978 in
861 3909 964 4012 ardis.

123 4015 167 4074 ιο
256 3997 397 4075 luridus
409 4000 566 4076 indoudris
575 4001 694 4156 iim
707 4000 816 4072 horror
833 4016 941 4083 eques
1076 4063 1122 4147 Et
