<?xml version="1.0" encoding="UTF-8"?>
<!DOCTYPE html PUBLIC "-//W3C//DTD XHTML 1.0 Transitional//EN"
    "http://www.w3.org/TR/xhtml1/DTD/xhtml1-transitional.dtd">
<html xmlns="http://www.w3.org/1999/xhtml" xml:lang="en" lang="en">
 <head>
  <title>
</title>
<meta http-equiv="Content-Type" content="text/html;charset=utf-8" />
  <meta name='ocr-system' content='tesseract 3.04.00' />
  <meta name='ocr-capabilities' content='ocr_page ocr_carea ocr_par ocr_line ocrx_word'/>
</head>
<body>
  <div class='ocr_page' id='page_1' title='image "./poetarumscotoru00adamgoog_0059.png"; bbox 0 0 2792 4800; ppageno 0'>
   <div class='ocr_carea' id='block_1_1' title="bbox 116 526 1154 3147">
    <p class='ocr_par' dir='ltr' id='par_1_1' title="bbox 237 526 982 632">
     <span class='ocr_line' id='line_1_1' title="bbox 237 526 982 632; baseline 0.005 -19"><span class='ocrx_word' id='word_1_1' title='bbox 237 544 391 630; x_wconf 79' lang='lat' dir='ltr'>Advolat,-</span> <span class='ocrx_word' id='word_1_2' title='bbox 410 550 445 611; x_wconf 89' lang='lat' dir='ltr'>ut</span> <span class='ocrx_word' id='word_1_3' title='bbox 462 554 617 627; x_wconf 76' lang='lat' dir='ltr'><strong>nequeant</strong></span> <span class='ocrx_word' id='word_1_4' title='bbox 634 526 714 612; x_wconf 71' lang='lat' dir='ltr'>ultrl&#39;</span> <span class='ocrx_word' id='word_1_5' title='bbox 732 546 834 611; x_wconf 76' lang='lat' dir='ltr'>sarire</span> <span class='ocrx_word' id='word_1_6' title='bbox 851 553 982 632; x_wconf 77' lang='lat' dir='ltr'>tyranni:</span> 
     </span>
    </p>

    <p class='ocr_par' dir='ltr' id='par_1_2' title="bbox 235 629 1154 719">
     <span class='ocr_line' id='line_1_2' title="bbox 235 629 1154 719; baseline 0.002 -20"><span class='ocrx_word' id='word_1_7' title='bbox 235 630 375 699; x_wconf 82' lang='lat' dir='ltr'>Horrida</span> <span class='ocrx_word' id='word_1_8' title='bbox 387 648 449 695; x_wconf 85' lang='lat' dir='ltr'>vox</span> <span class='ocrx_word' id='word_1_9' title='bbox 461 629 522 693; x_wconf 89' lang='lat' dir='ltr'>illis</span> <span class='ocrx_word' id='word_1_10' title='bbox 541 629 672 712; x_wconf 82' lang='lat' dir='ltr'>trepidas</span> <span class='ocrx_word' id='word_1_11' title='bbox 691 631 901 698; x_wconf 84' lang='lat' dir='ltr'>circumsonat</span> <span class='ocrx_word' id='word_1_12' title='bbox 917 654 1020 719; x_wconf 74' lang='lat' dir='ltr'>autes,¹</span> <span class='ocrx_word' id='word_1_13' title='bbox 1151 653 1154 662; x_wconf 59' lang='lat'><strong><em>¹</em></strong></span> 
     </span>
    </p>

    <p class='ocr_par' dir='ltr' id='par_1_3' title="bbox 234 712 938 795">
     <span class='ocr_line' id='line_1_3' title="bbox 234 712 938 795; baseline 0.003 -14"><span class='ocrx_word' id='word_1_14' title='bbox 234 714 440 795; x_wconf 72' lang='lat' dir='ltr'>vastatorque</span> <span class='ocrx_word' id='word_1_15' title='bbox 457 712 630 795; x_wconf 80' lang='lat' dir='ltr'>repentinus</span> <span class='ocrx_word' id='word_1_16' title='bbox 651 715 695 779; x_wconf 91' lang='lat' dir='ltr'>nil</span> <span class='ocrx_word' id='word_1_17' title='bbox 715 718 777 788; x_wconf 82' lang='lat' dir='ltr'>tale</span> <span class='ocrx_word' id='word_1_18' title='bbox 794 714 938 783; x_wconf 85' lang='lat' dir='ltr'>timentes</span> 
     </span>
    </p>

    <p class='ocr_par' dir='ltr' id='par_1_4' title="bbox 229 796 992 881">
     <span class='ocr_line' id='line_1_4' title="bbox 229 796 992 881; baseline 0.003 -18"><span class='ocrx_word' id='word_1_19' title='bbox 229 797 335 873; x_wconf 81' lang='lat' dir='ltr'>Exitio</span> <span class='ocrx_word' id='word_1_20' title='bbox 350 813 477 881; x_wconf 85' lang='lat' dir='ltr'><strong>premet,</strong></span> <span class='ocrx_word' id='word_1_21' title='bbox 498 796 634 863; x_wconf 78' lang='lat' dir='ltr'>&amp;subiti</span> <span class='ocrx_word' id='word_1_22' title='bbox 654 798 746 865; x_wconf 92' lang='lat' dir='ltr'>clade</span> <span class='ocrx_word' id='word_1_23' title='bbox 763 799 871 864; x_wconf 89' lang='lat' dir='ltr'>obruet</span> <span class='ocrx_word' id='word_1_24' title='bbox 889 802 992 880; x_wconf 84' lang='lat' dir='ltr'>hostis.</span> 
     </span>
    </p>

    <p class='ocr_par' dir='ltr' id='par_1_5' title="bbox 226 880 1067 968">
     <span class='ocr_line' id='line_1_5' title="bbox 226 880 1067 968; baseline 0.004 -22"><span class='ocrx_word' id='word_1_25' title='bbox 226 880 391 964; x_wconf 87' lang='lat' dir='ltr'>Perpetuas</span> <span class='ocrx_word' id='word_1_26' title='bbox 410 887 527 945; x_wconf 85' lang='lat' dir='ltr'>metuet</span> <span class='ocrx_word' id='word_1_27' title='bbox 544 882 693 966; x_wconf 77' lang='lat' dir='ltr'>tenebras,</span> <span class='ocrx_word' id='word_1_28' title='bbox 715 887 896 966; x_wconf 87' lang='lat' dir='ltr'>lucemque,</span> <span class='ocrx_word' id='word_1_29' title='bbox 917 884 1067 968; x_wconf 73' lang='lat' dir='ltr'>diemque·</span> 
     </span>
    </p>

    <p class='ocr_par' dir='ltr' id='par_1_6' title="bbox 228 962 1013 1054">
     <span class='ocr_line' id='line_1_6' title="bbox 228 962 1013 1054; baseline 0.009 -25"><span class='ocrx_word' id='word_1_30' title='bbox 228 963 342 1030; x_wconf 84' lang='lat' dir='ltr'>Oderit</span> <span class='ocrx_word' id='word_1_31' title='bbox 370 962 536 1030; x_wconf 72' lang='lat' dir='ltr'>urstisius</span> <span class='ocrx_word' id='word_1_32' title='bbox 553 965 671 1050; x_wconf 82' lang='lat' dir='ltr'>semper</span> <span class='ocrx_word' id='word_1_33' title='bbox 693 967 715 1031; x_wconf 85' lang='lat' dir='ltr'>fi</span> <span class='ocrx_word' id='word_1_34' title='bbox 733 966 907 1048; x_wconf 79' lang='lat' dir='ltr'>impendeat</span> <span class='ocrx_word' id='word_1_35' title='bbox 922 970 1013 1054; x_wconf 79' lang='lat' dir='ltr'>ensis,</span> 
     </span>
    </p>

    <p class='ocr_par' dir='ltr' id='par_1_7' title="bbox 116 995 864 1136">
     <span class='ocr_line' id='line_1_7' title="bbox 116 995 864 1136; baseline 0.004 -22"><span class='ocrx_word' id='word_1_36' title='bbox 116 1102 117 1106; x_wconf 65' lang='lat'>,</span> <span class='ocrx_word' id='word_1_37' title='bbox 228 995 448 1115; x_wconf 66' lang='lat' dir='ltr'>Emendator</span> <span class='ocrx_word' id='word_1_38' title='bbox 463 1048 595 1136; x_wconf 70' lang='lat' dir='ltr'>vidium,</span> <span class='ocrx_word' id='word_1_39' title='bbox 612 1052 744 1135; x_wconf 83' lang='lat' dir='ltr'>caligine</span> <span class='ocrx_word' id='word_1_40' title='bbox 765 1050 864 1117; x_wconf 66' lang='lat' dir='ltr'>tesius</span> 
     </span>
    </p>

    <p class='ocr_par' dir='ltr' id='par_1_8' title="bbox 232 1132 1015 1221">
     <span class='ocr_line' id='line_1_8' title="bbox 232 1132 1015 1221; baseline 0.003 -23"><span class='ocrx_word' id='word_1_41' title='bbox 232 1133 418 1218; x_wconf 73' lang='lat' dir='ltr'>Cimmerii,</span> <span class='ocrx_word' id='word_1_42' title='bbox 440 1132 471 1200; x_wconf 75' lang='lat' dir='ltr'>dt</span> <span class='ocrx_word' id='word_1_43' title='bbox 489 1133 578 1199; x_wconf 87' lang='lat' dir='ltr'>trillis</span> <span class='ocrx_word' id='word_1_44' title='bbox 594 1136 715 1219; x_wconf 80' lang='lat' dir='ltr'>semper</span> <span class='ocrx_word' id='word_1_45' title='bbox 729 1136 852 1200; x_wconf 81' lang='lat' dir='ltr'>vexabit</span> <span class='ocrx_word' id='word_1_46' title='bbox 871 1133 1015 1221; x_wconf 82' lang='lat' dir='ltr'>Etynnis.</span> 
     </span>
    </p>

    <p class='ocr_par' dir='ltr' id='par_1_9' title="bbox 231 1217 922 1305">
     <span class='ocr_line' id='line_1_9' title="bbox 231 1217 922 1305; baseline 0 -20"><span class='ocrx_word' id='word_1_47' title='bbox 231 1218 284 1285; x_wconf 88' lang='lat' dir='ltr'>Ac</span> <span class='ocrx_word' id='word_1_48' title='bbox 302 1218 398 1283; x_wconf 79' lang='lat' dir='ltr'>veluti</span> <span class='ocrx_word' id='word_1_49' title='bbox 423 1217 513 1282; x_wconf 76' lang='lat' dir='ltr'>firmi</span> <span class='ocrx_word' id='word_1_50' title='bbox 529 1235 635 1305; x_wconf 84' lang='lat' dir='ltr'>regem</span> <span class='ocrx_word' id='word_1_51' title='bbox 652 1219 776 1303; x_wconf 76' lang='lat' dir='ltr'>stipante</span> <span class='ocrx_word' id='word_1_52' title='bbox 793 1219 922 1303; x_wconf 77' lang='lat' dir='ltr'>corona,</span> 
     </span>
    </p>

    <p class='ocr_par' dir='ltr' id='par_1_10' title="bbox 232 1300 1098 1390">
     <span class='ocr_line' id='line_1_10' title="bbox 232 1300 1098 1390; baseline 0.002 -23"><span class='ocrx_word' id='word_1_53' title='bbox 232 1301 369 1367; x_wconf 81' lang='lat' dir='ltr'>Claffica</span> <span class='ocrx_word' id='word_1_54' title='bbox 386 1300 560 1368; x_wconf 73' lang='lat' dir='ltr'>cimbello</span> <span class='ocrx_word' id='word_1_55' title='bbox 578 1301 752 1385; x_wconf 71' lang='lat' dir='ltr'>insonuere,</span> <span class='ocrx_word' id='word_1_56' title='bbox 773 1305 933 1390; x_wconf 84' lang='lat' dir='ltr'>globoque</span> <span class='ocrx_word' id='word_1_57' title='bbox 950 1302 1098 1371; x_wconf 77' lang='lat' dir='ltr'>cohortes</span> 
     </span>
    </p>

    <p class='ocr_par' dir='ltr' id='par_1_11' title="bbox 227 1384 949 1472">
     <span class='ocr_line' id='line_1_11' title="bbox 227 1384 949 1472; baseline 0.006 -21"><span class='ocrx_word' id='word_1_58' title='bbox 227 1385 386 1459; x_wconf 66' lang='lat' dir='ltr'>Conferte</span> <span class='ocrx_word' id='word_1_59' title='bbox 399 1384 523 1472; x_wconf 73' lang='lat' dir='ltr'>jundas</span> <span class='ocrx_word' id='word_1_60' title='bbox 541 1399 661 1453; x_wconf 85' lang='lat' dir='ltr'>acuunt</span> <span class='ocrx_word' id='word_1_61' title='bbox 677 1387 709 1452; x_wconf 92' lang='lat' dir='ltr'>in</span> <span class='ocrx_word' id='word_1_62' title='bbox 727 1389 830 1470; x_wconf 76' lang='lat' dir='ltr'>prolia</span> <span class='ocrx_word' id='word_1_63' title='bbox 847 1388 949 1455; x_wconf 74' lang='lat' dir='ltr'>vires:</span> 
     </span>
    </p>

    <p class='ocr_par' dir='ltr' id='par_1_12' title="bbox 228 1467 1005 1555">
     <span class='ocr_line' id='line_1_12' title="bbox 228 1467 1005 1555; baseline 0 -18"><span class='ocrx_word' id='word_1_64' title='bbox 228 1467 282 1537; x_wconf 84' lang='lat' dir='ltr'>Sic</span> <span class='ocrx_word' id='word_1_65' title='bbox 302 1471 375 1536; x_wconf 90' lang='lat' dir='ltr'>illot</span> <span class='ocrx_word' id='word_1_66' title='bbox 392 1472 490 1553; x_wconf 82' lang='lat' dir='ltr'>vallo,</span> <span class='ocrx_word' id='word_1_67' title='bbox 509 1469 665 1552; x_wconf 77' lang='lat' dir='ltr'>fassique,</span> <span class='ocrx_word' id='word_1_68' title='bbox 685 1491 723 1535; x_wconf 90' lang='lat' dir='ltr'>ac</span> <span class='ocrx_word' id='word_1_69' title='bbox 739 1486 851 1555; x_wconf 72' lang='lat' dir='ltr'>‘aggere</span> <span class='ocrx_word' id='word_1_70' title='bbox 872 1474 1005 1555; x_wconf 84' lang='lat' dir='ltr'>circum,-</span> 
     </span>
    </p>

    <p class='ocr_par' dir='ltr' id='par_1_13' title="bbox 226 1551 968 1653">
     <span class='ocr_line' id='line_1_13' title="bbox 226 1551 968 1653; baseline -0.001 -33"><span class='ocrx_word' id='word_1_71' title='bbox 226 1551 270 1620; x_wconf 86' lang='lat' dir='ltr'>Et</span> <span class='ocrx_word' id='word_1_72' title='bbox 288 1570 402 1637; x_wconf 67' lang='lat' dir='ltr'>metus,</span> <span class='ocrx_word' id='word_1_73' title='bbox 421 1556 451 1621; x_wconf 81' lang='lat' dir='ltr'>dr</span> <span class='ocrx_word' id='word_1_74' title='bbox 469 1553 567 1653; x_wconf 74' lang='lat' dir='ltr'>cingit</span> <span class='ocrx_word' id='word_1_75' title='bbox 581 1554 704 1637; x_wconf 74' lang='lat' dir='ltr'>trepidis</span> <span class='ocrx_word' id='word_1_76' title='bbox 721 1555 855 1642; x_wconf 83' lang='lat' dir='ltr'>angustia</span> <span class='ocrx_word' id='word_1_77' title='bbox 873 1557 968 1621; x_wconf 85' lang='lat' dir='ltr'>curis.</span> 
     </span>
    </p>

    <p class='ocr_par' dir='ltr' id='par_1_14' title="bbox 228 1636 941 1719">
     <span class='ocr_line' id='line_1_14' title="bbox 228 1636 941 1719; baseline 0.004 -16"><span class='ocrx_word' id='word_1_78' title='bbox 228 1636 344 1719; x_wconf 84' lang='lat' dir='ltr'>thue</span> <span class='ocrx_word' id='word_1_79' title='bbox 358 1637 434 1703; x_wconf 85' lang='lat' dir='ltr'>Deo</span> <span class='ocrx_word' id='word_1_80' title='bbox 452 1637 526 1702; x_wconf 81' lang='lat' dir='ltr'>forn</span> <span class='ocrx_word' id='word_1_81' title='bbox 543 1651 612 1704; x_wconf 88' lang='lat' dir='ltr'>toto</span> <span class='ocrx_word' id='word_1_82' title='bbox 635 1640 941 1705; x_wconf 84' lang='lat' dir='ltr'>conamine-bellum</span> 
     </span>
    </p>

    <p class='ocr_par' dir='ltr' id='par_1_15' title="bbox 229 1716 878 1806">
     <span class='ocr_line' id='line_1_15' title="bbox 229 1716 878 1806; baseline 0 -19"><span class='ocrx_word' id='word_1_83' title='bbox 229 1716 384 1806; x_wconf 71' lang='lat' dir='ltr'>Indixdre,</span> <span class='ocrx_word' id='word_1_84' title='bbox 405 1722 468 1785; x_wconf 85' lang='lat' dir='ltr'>illis</span> <span class='ocrx_word' id='word_1_85' title='bbox 484 1720 581 1787; x_wconf 72' lang='lat' dir='ltr'>fraud</span> <span class='ocrx_word' id='word_1_86' title='bbox 606 1724 728 1787; x_wconf 87' lang='lat' dir='ltr'>cervice</span> <span class='ocrx_word' id='word_1_87' title='bbox 745 1722 878 1805; x_wconf 86' lang='lat' dir='ltr'>viciffim</span> 
     </span>
    </p>

    <p class='ocr_par' dir='ltr' id='par_1_16' title="bbox 227 1802 1120 1891">
     <span class='ocr_line' id='line_1_16' title="bbox 227 1802 1120 1891; baseline -0.003 -20"><span class='ocrx_word' id='word_1_88' title='bbox 227 1805 328 1871; x_wconf 86' lang='lat' dir='ltr'>Irruet</span> <span class='ocrx_word' id='word_1_89' title='bbox 348 1806 380 1870; x_wconf 92' lang='lat' dir='ltr'>in</span> <span class='ocrx_word' id='word_1_90' title='bbox 394 1807 570 1891; x_wconf 63' lang='lat' dir='ltr'>collum&amp;</span> <span class='ocrx_word' id='word_1_91' title='bbox 588 1806 648 1887; x_wconf 79' lang='lat' dir='ltr'>qud</span> <span class='ocrx_word' id='word_1_92' title='bbox 667 1824 734 1889; x_wconf 87' lang='lat' dir='ltr'>pars</span> <span class='ocrx_word' id='word_1_93' title='bbox 752 1806 922 1871; x_wconf 80' lang='lat' dir='ltr'>densfflma</span> <span class='ocrx_word' id='word_1_94' title='bbox 938 1818 1051 1887; x_wconf 78' lang='lat' dir='ltr'>parma</span> <span class='ocrx_word' id='word_1_95' title='bbox 1064 1802 1120 1887; x_wconf 69' lang='lat' dir='ltr'>eli,</span> 
     </span>
    </p>

    <p class='ocr_par' dir='ltr' id='par_1_17' title="bbox 230 1885 990 1977">
     <span class='ocr_line' id='line_1_17' title="bbox 230 1885 990 1977; baseline -0.001 -26"><span class='ocrx_word' id='word_1_96' title='bbox 230 1885 291 1952; x_wconf 90' lang='lat' dir='ltr'>Per</span> <span class='ocrx_word' id='word_1_97' title='bbox 308 1890 409 1973; x_wconf 89' lang='lat' dir='ltr'>clypei</span> <span class='ocrx_word' id='word_1_98' title='bbox 426 1891 571 1974; x_wconf 87' lang='lat' dir='ltr'>jaculum</span> <span class='ocrx_word' id='word_1_99' title='bbox 588 1891 663 1977; x_wconf 84' lang='lat' dir='ltr'>figet</span> <span class='ocrx_word' id='word_1_100' title='bbox 680 1890 887 1974; x_wconf 87' lang='lat' dir='ltr'>septemplicis</span> <span class='ocrx_word' id='word_1_101' title='bbox 910 1907 990 1953; x_wconf 85' lang='lat' dir='ltr'>oras.</span> 
     </span>
    </p>

    <p class='ocr_par' dir='ltr' id='par_1_18' title="bbox 227 1970 1054 2059">
     <span class='ocr_line' id='line_1_18' title="bbox 227 1970 1054 2059; baseline -0.004 -21"><span class='ocrx_word' id='word_1_102' title='bbox 227 1970 317 2038; x_wconf 87' lang='lat' dir='ltr'>Ecce</span> <span class='ocrx_word' id='word_1_103' title='bbox 334 1975 412 2039; x_wconf 88' lang='lat' dir='ltr'>nitet</span> <span class='ocrx_word' id='word_1_104' title='bbox 427 1974 525 2039; x_wconf 78' lang='lat' dir='ltr'>multi</span> <span class='ocrx_word' id='word_1_105' title='bbox 548 1974 714 2057; x_wconf 83' lang='lat' dir='ltr'>splendens</span> <span class='ocrx_word' id='word_1_106' title='bbox 731 1973 914 2059; x_wconf 85' lang='lat' dir='ltr'>pinguedine</span> <span class='ocrx_word' id='word_1_107' title='bbox 934 1973 1054 2054; x_wconf 63' lang='lat' dir='ltr'>vultusp</span> 
     </span>
    </p>

    <p class='ocr_par' dir='ltr' id='par_1_19' title="bbox 137 2055 891 2139">
     <span class='ocr_line' id='line_1_19' title="bbox 137 2055 891 2139; baseline -0.001 -17"><span class='ocrx_word' id='word_1_108' title='bbox 137 2100 139 2103; x_wconf 33' lang='lat'><em>⁴</em></span> <span class='ocrx_word' id='word_1_109' title='bbox 195 2113 197 2116; x_wconf 90' lang='lat'><em>.</em></span> <span class='ocrx_word' id='word_1_110' title='bbox 225 2055 271 2122; x_wconf 86' lang='lat' dir='ltr'>Et</span> <span class='ocrx_word' id='word_1_111' title='bbox 291 2059 379 2126; x_wconf 88' lang='lat' dir='ltr'>lateri</span> <span class='ocrx_word' id='word_1_112' title='bbox 394 2058 491 2125; x_wconf 83' lang='lat' dir='ltr'>fallax</span> <span class='ocrx_word' id='word_1_113' title='bbox 507 2058 610 2123; x_wconf 78' lang='lat' dir='ltr'>arvina</span> <span class='ocrx_word' id='word_1_114' title='bbox 623 2058 774 2123; x_wconf 89' lang='lat' dir='ltr'>incumbit</span> <span class='ocrx_word' id='word_1_115' title='bbox 785 2058 891 2139; x_wconf 85' lang='lat' dir='ltr'>obes0,</span> 
     </span>
    </p>

    <p class='ocr_par' dir='ltr' id='par_1_20' title="bbox 227 2137 1032 2226">
     <span class='ocr_line' id='line_1_20' title="bbox 227 2137 1032 2226; baseline -0.002 -22"><span class='ocrx_word' id='word_1_116' title='bbox 227 2137 290 2204; x_wconf 90' lang='lat' dir='ltr'>Ma</span> <span class='ocrx_word' id='word_1_117' title='bbox 311 2142 480 2223; x_wconf 86' lang='lat' dir='ltr'>nificasque</span> <span class='ocrx_word' id='word_1_118' title='bbox 497 2139 586 2207; x_wconf 77' lang='lat' dir='ltr'>urbes</span> <span class='ocrx_word' id='word_1_119' title='bbox 610 2142 718 2207; x_wconf 71' lang='lat' dir='ltr'>‘vacuis</span> <span class='ocrx_word' id='word_1_120' title='bbox 744 2142 885 2207; x_wconf 85' lang='lat' dir='ltr'>instaurat</span> <span class='ocrx_word' id='word_1_121' title='bbox 897 2140 929 2204; x_wconf 94' lang='lat' dir='ltr'>in</span> <span class='ocrx_word' id='word_1_122' title='bbox 941 2138 1032 2226; x_wconf 54' lang='lat' dir='ltr'>agris&gt;</span> 
     </span>
    </p>

    <p class='ocr_par' dir='ltr' id='par_1_21' title="bbox 228 2162 976 2322">
     <span class='ocr_line' id='line_1_21' title="bbox 228 2162 976 2322; baseline -0.001 -33"><span class='ocrx_word' id='word_1_123' title='bbox 228 2222 275 2289; x_wconf 84' lang='lat' dir='ltr'>At</span> <span class='ocrx_word' id='word_1_124' title='bbox 289 2162 390 2291; x_wconf 49' lang='lat' dir='ltr'>iubitb</span> <span class='ocrx_word' id='word_1_125' title='bbox 408 2229 548 2291; x_wconf 80' lang='lat' dir='ltr'>labentur</span> <span class='ocrx_word' id='word_1_126' title='bbox 566 2238 651 2310; x_wconf 85' lang='lat' dir='ltr'>opes,</span> <span class='ocrx_word' id='word_1_127' title='bbox 668 2225 817 2311; x_wconf 89' lang='lat' dir='ltr'>pejusque</span> <span class='ocrx_word' id='word_1_128' title='bbox 835 2224 976 2322; x_wconf 81' lang='lat' dir='ltr'>peribunt</span> 
     </span>
    </p>

    <p class='ocr_par' dir='ltr' id='par_1_22' title="bbox 226 2304 976 2391">
     <span class='ocr_line' id='line_1_22' title="bbox 226 2304 976 2391; baseline 0.003 -21"><span class='ocrx_word' id='word_1_129' title='bbox 226 2304 318 2374; x_wconf 87' lang='lat' dir='ltr'>Parta</span> <span class='ocrx_word' id='word_1_130' title='bbox 335 2307 433 2391; x_wconf 71' lang='lat' dir='ltr'>male,-</span> <span class='ocrx_word' id='word_1_131' title='bbox 451 2307 580 2376; x_wconf 87' lang='lat' dir='ltr'>inllabili</span> <span class='ocrx_word' id='word_1_132' title='bbox 600 2305 725 2377; x_wconf 84' lang='lat' dir='ltr'>tandem</span> <span class='ocrx_word' id='word_1_133' title='bbox 742 2310 854 2374; x_wconf 83' lang='lat' dir='ltr'>devota</span> <span class='ocrx_word' id='word_1_134' title='bbox 871 2326 976 2386; x_wconf 69' lang='lat' dir='ltr'>ruina.</span> 
     </span>
    </p>

    <p class='ocr_par' dir='ltr' id='par_1_23' title="bbox 220 2387 1064 2484">
     <span class='ocr_line' id='line_1_23' title="bbox 220 2387 1064 2484; baseline -0.008 -23"><span class='ocrx_word' id='word_1_135' title='bbox 220 2387 297 2461; x_wconf 89' lang='lat' dir='ltr'>Nec</span> <span class='ocrx_word' id='word_1_136' title='bbox 317 2396 408 2476; x_wconf 81' lang='lat' dir='ltr'>fibras</span> <span class='ocrx_word' id='word_1_137' title='bbox 427 2408 497 2484; x_wconf 83' lang='lat' dir='ltr'>aget</span> <span class='ocrx_word' id='word_1_138' title='bbox 513 2396 652 2478; x_wconf 84' lang='lat' dir='ltr'>impurus</span> <span class='ocrx_word' id='word_1_139' title='bbox 669 2394 825 2460; x_wconf 81' lang='lat' dir='ltr'>radicibus</span> <span class='ocrx_word' id='word_1_140' title='bbox 843 2396 937 2476; x_wconf 88' lang='lat' dir='ltr'>altas,</span> <span class='ocrx_word' id='word_1_141' title='bbox 1061 2462 1064 2466; x_wconf 17' lang='grc' dir='ltr'><em>Α</em></span> 
     </span>
    </p>

    <p class='ocr_par' dir='ltr' id='par_1_24' title="bbox 221 2473 1009 2568">
     <span class='ocr_line' id='line_1_24' title="bbox 221 2473 1009 2568; baseline 0.001 -28"><span class='ocrx_word' id='word_1_142' title='bbox 221 2473 300 2542; x_wconf 91' lang='lat' dir='ltr'>Nec</span> <span class='ocrx_word' id='word_1_143' title='bbox 317 2477 417 2562; x_wconf 79' lang='lat' dir='ltr'>primo</span> <span class='ocrx_word' id='word_1_144' title='bbox 431 2480 512 2546; x_wconf 76' lang='lat' dir='ltr'>teris</span> <span class='ocrx_word' id='word_1_145' title='bbox 529 2492 720 2568; x_wconf 84' lang='lat' dir='ltr'>gemmantes</span> <span class='ocrx_word' id='word_1_146' title='bbox 739 2490 879 2562; x_wconf 86' lang='lat' dir='ltr'>tempore</span> <span class='ocrx_word' id='word_1_147' title='bbox 904 2493 1009 2542; x_wconf 85' lang='lat' dir='ltr'>ramos</span> 
     </span>
    </p>

    <p class='ocr_par' dir='ltr' id='par_1_25' title="bbox 224 2557 1046 2662">
     <span class='ocr_line' id='line_1_25' title="bbox 224 2557 1046 2662; baseline 0.005 -39"><span class='ocrx_word' id='word_1_148' title='bbox 224 2557 364 2629; x_wconf 89' lang='lat' dir='ltr'>Proferet</span> <span class='ocrx_word' id='word_1_149' title='bbox 381 2567 412 2628; x_wconf 85' lang='lat' dir='ltr'>in</span> <span class='ocrx_word' id='word_1_150' title='bbox 432 2568 549 2648; x_wconf 83' lang='lat' dir='ltr'>lucem,-</span> <span class='ocrx_word' id='word_1_151' title='bbox 571 2565 682 2648; x_wconf 82' lang='lat' dir='ltr'>quippe</span> <span class='ocrx_word' id='word_1_152' title='bbox 701 2564 767 2649; x_wconf 89' lang='lat' dir='ltr'>ejus</span> <span class='ocrx_word' id='word_1_153' title='bbox 785 2562 924 2662; x_wconf 74' lang='lat' dir='ltr'>germina</span> <span class='ocrx_word' id='word_1_154' title='bbox 941 2559 1046 2644; x_wconf 79' lang='lat' dir='ltr'>carpet</span> 
     </span>
    </p>

    <p class='ocr_par' dir='ltr' id='par_1_26' title="bbox 223 2640 1009 2731">
     <span class='ocr_line' id='line_1_26' title="bbox 223 2640 1009 2731; baseline -0.001 -23"><span class='ocrx_word' id='word_1_155' title='bbox 223 2643 371 2710; x_wconf 90' lang='lat' dir='ltr'>Flamma</span> <span class='ocrx_word' id='word_1_156' title='bbox 381 2662 493 2731; x_wconf 72' lang='lat' dir='ltr'>¹vorant,</span> <span class='ocrx_word' id='word_1_157' title='bbox 517 2650 653 2728; x_wconf 84' lang='lat' dir='ltr'>flatuque</span> <span class='ocrx_word' id='word_1_158' title='bbox 670 2640 733 2712; x_wconf 87' lang='lat' dir='ltr'>Dei</span> <span class='ocrx_word' id='word_1_159' title='bbox 750 2647 879 2728; x_wconf 78' lang='lat' dir='ltr'>spirante</span> <span class='ocrx_word' id='word_1_160' title='bbox 890 2647 1009 2729; x_wconf 88' lang='lat' dir='ltr'>peribit,</span> 
     </span>
    </p>

    <p class='ocr_par' dir='ltr' id='par_1_27' title="bbox 222 2725 1090 2894">
     <span class='ocr_line' id='line_1_27' title="bbox 222 2725 1090 2813; baseline 0.001 -22"><span class='ocrx_word' id='word_1_161' title='bbox 222 2725 267 2792; x_wconf 90' lang='lat' dir='ltr'>Pe</span> <span class='ocrx_word' id='word_1_162' title='bbox 303 2744 387 2796; x_wconf 90' lang='lat' dir='ltr'>etuas</span> <span class='ocrx_word' id='word_1_163' title='bbox 406 2733 533 2813; x_wconf 81' lang='lat' dir='ltr'>palpans</span> <span class='ocrx_word' id='word_1_164' title='bbox 550 2749 633 2812; x_wconf 77' lang='lat' dir='ltr'>caca</span> <span class='ocrx_word' id='word_1_165' title='bbox 650 2729 705 2794; x_wconf 84' lang='lat' dir='ltr'>sub</span> <span class='ocrx_word' id='word_1_166' title='bbox 723 2727 814 2793; x_wconf 72' lang='lat' dir='ltr'>nosle</span> <span class='ocrx_word' id='word_1_167' title='bbox 830 2731 979 2793; x_wconf 88' lang='lat' dir='ltr'>tenebras.</span> <span class='ocrx_word' id='word_1_168' title='bbox 1084 2789 1090 2805; x_wconf 69' lang='lat'>,</span> 
     </span>
     <span class='ocr_line' id='line_1_28' title="bbox 299 2810 1038 2894; baseline -0.001 -17"><span class='ocrx_word' id='word_1_169' title='bbox 299 2827 311 2877; x_wconf 95' lang='lat' dir='ltr'>t</span> <span class='ocrx_word' id='word_1_170' title='bbox 330 2815 381 2879; x_wconf 83' lang='lat' dir='ltr'>vix</span> <span class='ocrx_word' id='word_1_171' title='bbox 401 2826 479 2878; x_wconf 82' lang='lat' dir='ltr'>vana</span> <span class='ocrx_word' id='word_1_172' title='bbox 490 2820 594 2878; x_wconf 84' lang='lat' dir='ltr'>tamen</span> <span class='ocrx_word' id='word_1_173' title='bbox 616 2811 673 2894; x_wconf 77' lang='lat' dir='ltr'>(sic</span> <span class='ocrx_word' id='word_1_174' title='bbox 691 2831 788 2878; x_wconf 88' lang='lat' dir='ltr'>vanus</span> <span class='ocrx_word' id='word_1_175' title='bbox 805 2810 935 2880; x_wconf 87' lang='lat' dir='ltr'>fascinat</span> <span class='ocrx_word' id='word_1_176' title='bbox 954 2813 1038 2876; x_wconf 78' lang='lat' dir='ltr'>orbis</span> 
     </span>
    </p>

    <p class='ocr_par' dir='ltr' id='par_1_28' title="bbox 220 2891 1051 2982">
     <span class='ocr_line' id='line_1_29' title="bbox 220 2891 1051 2982; baseline -0.004 -17"><span class='ocrx_word' id='word_1_177' title='bbox 220 2891 332 2965; x_wconf 82' lang='lat' dir='ltr'>Luxus</span> <span class='ocrx_word' id='word_1_178' title='bbox 351 2914 446 2980; x_wconf 86' lang='lat' dir='ltr'>opum</span> <span class='ocrx_word' id='word_1_179' title='bbox 476 2899 508 2964; x_wconf 81' lang='lat' dir='ltr'>&#39;dt</span> <span class='ocrx_word' id='word_1_180' title='bbox 529 2891 648 2976; x_wconf 83' lang='lat' dir='ltr'>ndslros</span> <span class='ocrx_word' id='word_1_181' title='bbox 666 2899 706 2961; x_wconf 85' lang='lat' dir='ltr'>lic</span> <span class='ocrx_word' id='word_1_182' title='bbox 720 2897 798 2962; x_wconf 91' lang='lat' dir='ltr'>ludit</span> <span class='ocrx_word' id='word_1_183' title='bbox 814 2894 912 2982; x_wconf 81' lang='lat' dir='ltr'>gloria</span> <span class='ocrx_word' id='word_1_184' title='bbox 928 2895 1051 2978; x_wconf 86' lang='lat' dir='ltr'>sensus)</span> 
     </span>
    </p>

    <p class='ocr_par' dir='ltr' id='par_1_29' title="bbox 220 2949 976 3072">
     <span class='ocr_line' id='line_1_30' title="bbox 220 2949 976 3072; baseline -0.004 -26"><span class='ocrx_word' id='word_1_185' title='bbox 220 2965 293 3046; x_wconf 77' lang='lat' dir='ltr'>Esse</span> <span class='ocrx_word' id='word_1_186' title='bbox 310 2997 417 3063; x_wconf 84' lang='lat' dir='ltr'>putar3</span> <span class='ocrx_word' id='word_1_187' title='bbox 438 2949 539 3047; x_wconf 69' lang='lat' dir='ltr'>eidnec</span> <span class='ocrx_word' id='word_1_188' title='bbox 558 2976 625 3072; x_wconf 75' lang='lat' dir='ltr'>serit</span> <span class='ocrx_word' id='word_1_189' title='bbox 636 3001 716 3046; x_wconf 82' lang='lat' dir='ltr'>vana</span> <span class='ocrx_word' id='word_1_190' title='bbox 732 2983 837 3046; x_wconf 89' lang='lat' dir='ltr'>omnia</span> <span class='ocrx_word' id='word_1_191' title='bbox 852 2978 976 3045; x_wconf 90' lang='lat' dir='ltr'>tandem</span> 
     </span>
    </p>

    <p class='ocr_par' dir='ltr' id='par_1_30' title="bbox 220 3063 907 3147">
     <span class='ocr_line' id='line_1_31' title="bbox 220 3063 907 3147; baseline -0.003 -18"><span class='ocrx_word' id='word_1_192' title='bbox 220 3063 363 3147; x_wconf 85' lang='lat' dir='ltr'>Senserit,¹</span> <span class='ocrx_word' id='word_1_193' title='bbox 382 3063 412 3130; x_wconf 75' lang='lat' dir='ltr'>u</span> <span class='ocrx_word' id='word_1_194' title='bbox 430 3066 520 3130; x_wconf 81' lang='lat' dir='ltr'>fluxis</span> <span class='ocrx_word' id='word_1_195' title='bbox 539 3064 637 3131; x_wconf 83' lang='lat' dir='ltr'>discat</span> <span class='ocrx_word' id='word_1_196' title='bbox 652 3065 791 3130; x_wconf 87' lang='lat' dir='ltr'>diffidere</span> <span class='ocrx_word' id='word_1_197' title='bbox 805 3066 907 3128; x_wconf 83' lang='lat' dir='ltr'>rebus.</span> 
     </span>
    </p>
   </div>
   <div class='ocr_carea' id='block_1_2' title="bbox 121 3145 977 3231">
    <p class='ocr_par' dir='ltr' id='par_1_31' title="bbox 121 3145 977 3231">
     <span class='ocr_line' id='line_1_32' title="bbox 121 3145 977 3231; baseline -0.005 -18"><span class='ocrx_word' id='word_1_198' title='bbox 121 3197 124 3201; x_wconf 30' lang='lat' dir='ltr'>v</span> <span class='ocrx_word' id='word_1_199' title='bbox 220 3146 305 3223; x_wconf 89' lang='lat' dir='ltr'>Ante</span> <span class='ocrx_word' id='word_1_200' title='bbox 323 3149 405 3212; x_wconf 87' lang='lat' dir='ltr'>diem</span> <span class='ocrx_word' id='word_1_201' title='bbox 422 3147 536 3231; x_wconf 73' lang='lat' dir='ltr'>subito,-</span> <span class='ocrx_word' id='word_1_202' title='bbox 556 3167 614 3214; x_wconf 89' lang='lat' dir='ltr'>nec</span> <span class='ocrx_word' id='word_1_203' title='bbox 633 3159 654 3214; x_wconf 91' lang='lat' dir='ltr'>o</span> <span class='ocrx_word' id='word_1_204' title='bbox 675 3149 724 3214; x_wconf 86' lang='lat' dir='ltr'>inl</span> <span class='ocrx_word' id='word_1_205' title='bbox 743 3160 843 3213; x_wconf 90' lang='lat' dir='ltr'>morte</span> <span class='ocrx_word' id='word_1_206' title='bbox 858 3145 977 3229; x_wconf 89' lang='lat' dir='ltr'>peribit,</span> 
     </span>
    </p>
   </div>
   <div class='ocr_carea' id='block_1_3' title="bbox 179 3162 1065 3986">
    <p class='ocr_par' dir='ltr' id='par_1_32' title="bbox 197 3162 987 3482">
     <span class='ocr_line' id='line_1_33' title="bbox 218 3162 987 3315; baseline -0.001 -21"><span class='ocrx_word' id='word_1_207' title='bbox 218 3227 294 3295; x_wconf 88' lang='lat' dir='ltr'>Nec</span> <span class='ocrx_word' id='word_1_208' title='bbox 313 3231 415 3315; x_wconf 78' lang='lat' dir='ltr'>patuli</span> <span class='ocrx_word' id='word_1_209' title='bbox 437 3232 548 3299; x_wconf 85' lang='lat' dir='ltr'>virides</span> <span class='ocrx_word' id='word_1_210' title='bbox 567 3162 755 3298; x_wconf 48' lang='lat' dir='ltr'>fronussbunt</span> <span class='ocrx_word' id='word_1_211' title='bbox 771 3234 880 3295; x_wconf 88' lang='lat' dir='ltr'>arbore</span> <span class='ocrx_word' id='word_1_212' title='bbox 895 3233 987 3296; x_wconf 73' lang='lat' dir='ltr'>rami</span> 
     </span>
     <span class='ocr_line' id='line_1_34' title="bbox 215 3313 941 3402; baseline -0.003 -22"><span class='ocrx_word' id='word_1_213' title='bbox 215 3315 267 3380; x_wconf 91' lang='lat' dir='ltr'>Ac</span> <span class='ocrx_word' id='word_1_214' title='bbox 287 3316 383 3379; x_wconf 85' lang='lat' dir='ltr'>veluti</span> <span class='ocrx_word' id='word_1_215' title='bbox 405 3313 512 3396; x_wconf 79' lang='lat' dir='ltr'>sterilis</span> <span class='ocrx_word' id='word_1_216' title='bbox 532 3317 586 3392; x_wconf 81' lang='lat' dir='ltr'>viti</span> <span class='ocrx_word' id='word_1_217' title='bbox 603 3318 657 3383; x_wconf 90' lang='lat' dir='ltr'>sua</span> <span class='ocrx_word' id='word_1_218' title='bbox 675 3317 813 3402; x_wconf 82' lang='lat' dir='ltr'>germina</span> <span class='ocrx_word' id='word_1_219' title='bbox 831 3331 941 3387; x_wconf 86' lang='lat' dir='ltr'>ventus</span> 
     </span>
     <span class='ocr_line' id='line_1_35' title="bbox 197 3395 924 3482; baseline 0 -18"><span class='ocrx_word' id='word_1_220' title='bbox 197 3398 350 3481; x_wconf 77' lang='lat' dir='ltr'>invidet,</span> <span class='ocrx_word' id='word_1_221' title='bbox 370 3420 407 3462; x_wconf 87' lang='lat' dir='ltr'>ac</span> <span class='ocrx_word' id='word_1_222' title='bbox 428 3395 514 3468; x_wconf 85' lang='lat' dir='ltr'>Euro</span> <span class='ocrx_word' id='word_1_223' title='bbox 531 3401 621 3482; x_wconf 85' lang='lat' dir='ltr'>mites</span> <span class='ocrx_word' id='word_1_224' title='bbox 645 3401 800 3465; x_wconf 87' lang='lat' dir='ltr'>nudantur</span> <span class='ocrx_word' id='word_1_225' title='bbox 823 3401 924 3479; x_wconf 84' lang='lat' dir='ltr'>olivae,</span> 
     </span>
    </p>

    <p class='ocr_par' dir='ltr' id='par_1_33' title="bbox 216 3477 1036 3652">
     <span class='ocr_line' id='line_1_36' title="bbox 218 3477 1036 3564; baseline 0 -17"><span class='ocrx_word' id='word_1_226' title='bbox 218 3482 297 3547; x_wconf 82' lang='lat' dir='ltr'>Flos</span> <span class='ocrx_word' id='word_1_227' title='bbox 317 3483 409 3564; x_wconf 78' lang='lat' dir='ltr'>cadis,</span> <span class='ocrx_word' id='word_1_228' title='bbox 432 3486 462 3550; x_wconf 85' lang='lat' dir='ltr'>dc</span> <span class='ocrx_word' id='word_1_229' title='bbox 481 3484 726 3564; x_wconf 89' lang='lat' dir='ltr'>nullosequitur</span> <span class='ocrx_word' id='word_1_230' title='bbox 741 3481 897 3547; x_wconf 84' lang='lat' dir='ltr'>vindemia</span> <span class='ocrx_word' id='word_1_231' title='bbox 912 3477 1036 3547; x_wconf 63' lang='lat' dir='ltr'>studius</span> 
     </span>
     <span class='ocr_line' id='line_1_37' title="bbox 216 3561 945 3652; baseline 0.004 -22"><span class='ocrx_word' id='word_1_232' title='bbox 216 3561 270 3631; x_wconf 81' lang='lat' dir='ltr'>Sic</span> <span class='ocrx_word' id='word_1_233' title='bbox 293 3569 370 3631; x_wconf 88' lang='lat' dir='ltr'>&#39;acet</span> <span class='ocrx_word' id='word_1_234' title='bbox 388 3567 541 3652; x_wconf 82' lang='lat' dir='ltr'>impietas,</span> <span class='ocrx_word' id='word_1_235' title='bbox 562 3567 602 3632; x_wconf 81' lang='lat' dir='ltr'>nc</span> <span class='ocrx_word' id='word_1_236' title='bbox 616 3567 667 3651; x_wconf 91' lang='lat' dir='ltr'>spe</span> <span class='ocrx_word' id='word_1_237' title='bbox 677 3566 835 3641; x_wconf 86' lang='lat' dir='ltr'>frustratur</span> <span class='ocrx_word' id='word_1_238' title='bbox 852 3567 945 3650; x_wconf 88' lang='lat' dir='ltr'>inani,</span> 
     </span>
    </p>

    <p class='ocr_par' dir='ltr' id='par_1_34' title="bbox 216 3589 835 3734">
     <span class='ocr_line' id='line_1_38' title="bbox 216 3589 835 3734; baseline 0.002 -20"><span class='ocrx_word' id='word_1_239' title='bbox 216 3647 258 3714; x_wconf 87' lang='lat' dir='ltr'>Et</span> <span class='ocrx_word' id='word_1_240' title='bbox 277 3589 429 3716; x_wconf 62' lang='lat' dir='ltr'>desolatas</span> <span class='ocrx_word' id='word_1_241' title='bbox 445 3646 563 3717; x_wconf 88' lang='lat' dir='ltr'>deserta</span> <span class='ocrx_word' id='word_1_242' title='bbox 586 3668 640 3734; x_wconf 93' lang='lat' dir='ltr'>per</span> <span class='ocrx_word' id='word_1_243' title='bbox 656 3648 723 3715; x_wconf 88' lang='lat' dir='ltr'>avia</span> <span class='ocrx_word' id='word_1_244' title='bbox 741 3664 835 3715; x_wconf 89' lang='lat' dir='ltr'>terras</span> 
     </span>
    </p>

    <p class='ocr_par' dir='ltr' id='par_1_35' title="bbox 216 3733 903 3820">
     <span class='ocr_line' id='line_1_39' title="bbox 216 3733 903 3820; baseline -0.001 -21"><span class='ocrx_word' id='word_1_245' title='bbox 216 3734 349 3819; x_wconf 82' lang='lat' dir='ltr'>incolet,</span> <span class='ocrx_word' id='word_1_246' title='bbox 370 3733 592 3818; x_wconf 5' lang='lat' dir='ltr'>&amp;vallusplatd</span> <span class='ocrx_word' id='word_1_247' title='bbox 611 3755 653 3820; x_wconf 95' lang='lat' dir='ltr'>po</span> <span class='ocrx_word' id='word_1_248' title='bbox 673 3736 808 3800; x_wconf 89' lang='lat' dir='ltr'>ulabitur</span> <span class='ocrx_word' id='word_1_249' title='bbox 824 3733 903 3820; x_wconf 83' lang='lat' dir='ltr'>ignit</span> 
     </span>
    </p>

    <p class='ocr_par' dir='ltr' id='par_1_36' title="bbox 179 3755 1065 3986">
     <span class='ocr_line' id='line_1_40' title="bbox 179 3755 1018 3904; baseline -0.002 -21"><span class='ocrx_word' id='word_1_250' title='bbox 179 3818 181 3822; x_wconf 75' lang='grc'>’</span> <span class='ocrx_word' id='word_1_251' title='bbox 216 3819 355 3898; x_wconf 84' lang='lat' dir='ltr'>impuras</span> <span class='ocrx_word' id='word_1_252' title='bbox 372 3839 469 3904; x_wconf 90' lang='lat' dir='ltr'>arces,</span> <span class='ocrx_word' id='word_1_253' title='bbox 489 3820 612 3886; x_wconf 87' lang='lat' dir='ltr'>summa</span> <span class='ocrx_word' id='word_1_254' title='bbox 626 3755 672 3883; x_wconf 54' lang='lat' dir='ltr'>ati</span> <span class='ocrx_word' id='word_1_255' title='bbox 686 3818 804 3903; x_wconf 78' lang='lat' dir='ltr'>fastigia</span> <span class='ocrx_word' id='word_1_256' title='bbox 826 3810 899 3884; x_wconf 73' lang='lat' dir='ltr'>tetii</span> <span class='ocrx_word' id='word_1_257' title='bbox 910 3821 922 3898; x_wconf 87' lang='lat'>;&#39;</span> <span class='ocrx_word' id='word_1_258' title='bbox 1013 3880 1018 3890; x_wconf 81' lang='grc'><strong><em>,</em></strong></span> 
     </span>
     <span class='ocr_line' id='line_1_41' title="bbox 211 3898 1065 3986; baseline 0.002 -20"><span class='ocrx_word' id='word_1_259' title='bbox 211 3899 367 3986; x_wconf 78' lang='lat' dir='ltr'>Restingui</span> <span class='ocrx_word' id='word_1_260' title='bbox 385 3904 416 3967; x_wconf 91' lang='lat' dir='ltr'>in</span> <span class='ocrx_word' id='word_1_261' title='bbox 426 3903 556 3986; x_wconf 87' lang='lat' dir='ltr'>reliquis</span> <span class='ocrx_word' id='word_1_262' title='bbox 569 3904 679 3985; x_wconf 89' lang='lat' dir='ltr'>poterit</span> <span class='ocrx_word' id='word_1_263' title='bbox 697 3921 755 3968; x_wconf 93' lang='lat' dir='ltr'>nec</span> <span class='ocrx_word' id='word_1_264' title='bbox 770 3905 896 3966; x_wconf 90' lang='lat' dir='ltr'>flamma</span> <span class='ocrx_word' id='word_1_265' title='bbox 912 3898 1065 3968; x_wconf 73' lang='lat' dir='ltr'>favillis.·&#39;</span> 
     </span>
    </p>
   </div>
   <div class='ocr_carea' id='block_1_4' title="bbox 210 3982 1053 4074">
    <p class='ocr_par' dir='ltr' id='par_1_37' title="bbox 210 3982 1053 4074">
     <span class='ocr_line' id='line_1_42' title="bbox 210 3982 1053 4074; baseline 0.007 -22"><span class='ocrx_word' id='word_1_266' title='bbox 210 3982 315 4058; x_wconf 90' lang='lat' dir='ltr'>Nulla</span> <span class='ocrx_word' id='word_1_267' title='bbox 332 3985 396 4055; x_wconf 86' lang='lat' dir='ltr'>illis</span> <span class='ocrx_word' id='word_1_268' title='bbox 417 3987 497 4072; x_wconf 78' lang='lat' dir='ltr'>aqui</span> <span class='ocrx_word' id='word_1_269' title='bbox 516 3987 607 4073; x_wconf 82' lang='lat' dir='ltr'>ratio,</span> <span class='ocrx_word' id='word_1_270' title='bbox 622 3987 695 4074; x_wconf 85' lang='lat' dir='ltr'>juta</span> <span class='ocrx_word' id='word_1_271' title='bbox 712 3987 819 4056; x_wconf 83' lang='lat' dir='ltr'>omnia</span> <span class='ocrx_word' id='word_1_272' title='bbox 834 3984 974 4057; x_wconf 83' lang='lat' dir='ltr'>vendunt</span> <span class='ocrx_word' id='word_1_273' title='bbox 1051 4024 1053 4026; x_wconf 25' lang='lat' dir='ltr'>v</span> 
     </span>
    </p>
   </div>
   <div class='ocr_carea' id='block_1_5' title="bbox 1090 4046 1175 4141">
    <p class='ocr_par' dir='ltr' id='par_1_38' title="bbox 1090 4046 1175 4141">
     <span class='ocr_line' id='line_1_43' title="bbox 1090 4046 1175 4141; baseline -0.071 0"><span class='ocrx_word' id='word_1_274' title='bbox 1090 4046 1175 4141; x_wconf 66' lang='lat' dir='ltr'>Doti</span> 
     </span>
    </p>
   </div>
   <div class='ocr_carea' id='block_1_6' title="bbox 0 0 1400 4800">
    <p class='ocr_par' dir='ltr' id='par_1_39' title="bbox 0 0 1400 4800">
     <span class='ocr_line' id='line_1_44' title="bbox 0 0 1400 4800; baseline 0 5"><span class='ocrx_word' id='word_1_275' title='bbox 0 0 1400 4800; x_wconf 95' lang='lat' dir='ltr'> </span> 
     </span>
    </p>
   </div>
  </div>
 </body>
</html>
