2792 4800
466 396 639 476 CA'P.⁴
674 397 891 474 XXXle
1101 419 1174 496 372

269 544 455 633 Unguibus,
471 542 503 614 ,ἃ
524 537 815 615 rabidumjmersare
833 536 1007 621 incorpore
1022 532 1156 606 rostrum
1170 540 1183 612 l

199 652 243 730 41
269 632 350 717 Quis
371 625 610 711 dapibuslargis
628 645 726 689 eorvo
741 620 859 709 jejunia
875 619 979 702 solvit,
1044 667 1046 671 .
1078 643 1082 677 ;
1114 674 1117 677 ,

246 738 249 744 ·
268 719 358 783 Cum
374 730 480 778 tenero
499 710 581 777 soetu
600 707 677 773 dum
694 723 797 774 totum
813 707 1032 769 immurmurat
1042 723 1179 791 agmen,.¹

271 801 364 872 Dum
380 796 522 885 crocitat,
539 794 827 882 moellisquereplet
843 795 920 880 juga
929 803 1003 857 nota
1014 792 1168 874 querelis?

461 1019 497 1103 C
555 1024 594 1103 A
649 1016 694 1102 P.
751 1006 974 1103 XXXIX.¹
1050 1073 1057 1093 -,

319 1203 357 1272 Ν
370 1207 423 1272 tibi
441 1225 506 1287 quo
521 1204 639 1288 pariant
655 1222 782 1286 capreae,
798 1224 862 1286 quo
896 1214 1035 1286 tempore
1049 1219 1159 1284 cerua,
1191 1206 1198 1221 “

245 1210 1195 1380 AQuemq3modurnobservent,lnullocumfine,subuna

273 1380 361 1462 Lege
378 1397 431 1460 per
448 1374 615 1445 innumeris
632 1372 789 1442 redeuntia
805 1374 911 1443 secula
928 1370 1033 1451 seclis,

226 1481 248 1543 p
270 1460 333 1536 Pro
351 1475 436 1524 certo
446 1462 545 1544 patet?
565 1457 671 1537 Atque
687 1457 793 1522 animo
805 1458 951 1542 prudente
968 1453 1088 1538 notasti,
1171 1482 1178 1490 ¹

275 1544 451 1628 Ambiguos
468 1542 587 1624 quoties
605 1554 731 1614 renovet
747 1541 798 1605 libi
815 1544 968 1609 menstrua
988 1540 1106 1627 vultus,

273 1628 368 1693 Luna
385 1628 499 1714 abiens,
522 1621 652 1706 rediens,
671 1627 822 1710 turgentia
839 1628 973 1710 pondera
985 1622 1087 1687 donec

272 1713 391 1789 Ventre
404 1711 516 1790 serunt,
524 1709 651 1794 gravido
661 1707 834 1775 tumefadlae
848 1711 963 1775 viscera
977 1705 1080 1772 foetut?
1168 1734 1178 1770 r

276 1794 412 1878 Quique
429 1794 479 1857 die
494 1796 607 1876 primas
624 1792 745 1856 mittant
761 1795 792 1858 in
810 1796 934 1859 luminis
954 1787 1069 1857 auras?

236 1899 254 1965 3
277 1878 364 1943 Cum
384 1878 446 1943 sese
462 1878 612 1961 incipiunt
629 1894 761 1952 curvum
784 1877 945 1943 defledlere
961 1879 993 1941 in
1010 1890 1132 1961 arcum,

271 1963 380 2032 Enixa
399 1978 519 2030 teneros
538 1979 652 2046 magno
667 1960 832 2028 molimine
847 1976 947 2044 natos,
1174 2021 1177 2026 .

270 2046 410 2112 Pondere
425 2044 504 2115 duro
521 2045 695 2127 uterum&
715 2044 809 2109 nimii
829 2045 977 2131 gravitate
993 2061 1190 2139 trementem,

272 2130 416 2212 Solvunt,
437 2130 467 2195 dt
484 2145 600 2195 veteres
620 2129 749 2192 redeunt
766 2130 797 2194 in
814 2149 944 2211 corpora
959 2132 1068 2197 vires..
1166 2179 1177 2193 .

235 2235 258 2301 4
277 2216 407 2281 Illarum
424 2211 546 2278 soboles
561 2211 691 2279 viridem
708 2232 760 2295 per
777 2216 916 2279 membra
937 2213 1080 2301 vigorem

275 2298 457 2382 Accipient,
476 2296 612 2365 tumidas
633 2295 727 2365 avido
744 2296 818 2363 bibit
832 2319 886 2366 ore
902 2300 1054 2381 papillas:

276 2380 368 2457 Dens
385 2382 437 2445 ubi
451 2382 519 2464 jam
536 2380 631 2447 crevit
644 2380 759 2467 segetes
782 2381 914 2449 demittit
931 2382 962 2448 its
978 2387 1087 2451 alvum
1096 2404 1109 2464 3

281 2465 340 2529 Ast
359 2464 409 2526 ubi
425 2463 492 2546 jam
512 2466 640 2548 juvenes
657 2480 728 2530 aetas
746 2467 881 2531 adolevit
897 2467 929 2530 in
946 2486 1056 2547 annos,
1092 2530 1098 2536 .
1169 2529 1173 2534 .

277 2546 453 2631 Aufugiens
469 2563 647 2630 patremque
663 2549 753 2614 fimul
771 2564 965 2632 matremque
981 2551 1173 2638 relinquens,¹
1205 2561 1208 2567 '

277 2629 362 2697 Non
381 2634 491 2697 iterum
504 2633 647 2714 reditura,
666 2631 765 2714 suam,
785 2636 858 2699 loca
873 2633 941 2699 sola
956 2650 1096 2720 pererrat.
1209 2706 1217 2712 ,

235 2737 256 2811 5
277 2718 432 2799 Ecquem,
449 2715 526 2780 cium
545 2716 617 2781 vasti
629 2731 707 2788 tota
729 2732 817 2784 antur
831 2718 938 2784 secula
952 2719 1074 2805 mundi,
1143 2767 1146 2773 ,
1178 2745 1181 2748 ·

277 2803 376 2867 Fama
385 2801 487 2864 virum
503 2801 584 2884 tulit,
597 2815 650 2866 aut
665 2737 766 2869 nissum
782 2803 904 2871 testatur
920 2808 1055 2888 ocellus,

278 2887 343 2968 Qui
363 2883 415 2947 libi
432 2885 632 2970 compedibus
645 2883 741 2968 jactat
757 2887 929 2968 vinclisque
947 2890 1087 2953 solutum
1182 2948 1185 2952 .

279 2968 350 3046 Esse
372 2986 533 3052 onagrum,
544 2983 597 3032 aut
612 2969 731 3051 trepido
746 2971 873 3035 ercuffit
886 2971 962 3056 juga
978 2971 1069 3046 tristia
1085 2966 1193 3047 colloi

238 3054 260 3116 6
281 3052 429 3118 Desertor
446 3068 528 3121 amat
543 3051 596 3114 ille
613 3054 702 3118 locos
715 3053 885 3135 viridesque
901 3054 1054 3122 recessus:

238 3156 258 3232 7
279 3135 358 3200 Non
374 3139 504 3217 populos
521 3135 669 3216 urbesque
681 3136 769 3219 colit,
788 3135 972 3220 famosaque
983 3138 1085 3207 rebla:

281 3219 361 3300 Non
377 3234 464 3301 pavet
482 3218 646 3304 indomitas
663 3220 750 3304 rigidi
765 3219 892 3288 terroris
911 3225 1054 3304 habenas,

281 3303 458 3371 infremitus
474 3323 538 3382 non
555 3303 609 3369 ille
627 3318 725 3384 pavet,
745 3303 959 3388 strepitumque
971 3305 1096 3391 flagelli.

241 3384 261 3467 8
284 3388 341 3452 Per
352 3403 472 3472 montes
484 3387 688 3471 scopulosque
707 3388 737 3461 dr
758 3388 829 3452 sara
844 3389 990 3473 impervia
1006 3391 1095 3457 vobis

282 3471 430 3552 Pascitur,
447 3471 476 3536 dr
496 3485 598 3539 tenera
612 3471 722 3538 saliens
740 3472 916 3540 exsultatio
933 3475 1034 3540 herba.
1126 3539 1129 3546 .

239 3572 261 3640 9
283 3556 337 3622 An
353 3553 428 3636 sera,
449 3574 516 3634 quac
535 3555 566 3618 in
579 3555 685 3634 medio
701 3574 800 3623 cornu
816 3558 956 3624 mirabile
973 3564 1064 3624 vultu

285 3640 402 3718 Gellat,
413 3641 452 3703 *dr
468 3640 528 3702 huc
546 3639 624 3704 illuc
641 3641 800 3704 temeraria
816 3644 910 3707 currit
925 3643 1084 3720 inberbis,
1180 3703 1185 3708 .

283 3724 324 3794 Se
345 3722 399 3789 tibi
416 3722 568 3805 subjiciet,
589 3723 768 3803 stabuloque
784 3725 914 3791 obscura
930 3725 1088 3792 manebit?

223 3825 264 3875 so
285 3806 456 3886 servilique
472 3820 563 3871 tuum
579 3810 669 3873 collo
685 3807 845 3890 suspendet
860 3825 1003 3874 aratrum

284 3889 476 3972 Constanter,
488 3887 635 3973 ferroque
651 3905 741 3956 tuum
757 3892 889 3957 sulcabit
904 3893 1066 3981 agellum?
1177 3922 1182 3931 ·

219 3991 257 4058 rr
284 3973 412 4069 ¹Scilicet
427 3975 511 4049 bunc
527 3976 628 4063 operis
646 3975 747 4049 fidum
762 3976 817 4046 tibi
831 3974 915 4047 forte
937 3978 1113 4050 ministrum
1140 4054 1199 4145 Tu
