2792 4800
398 427 556 508 car.
607 418 807 506 xxxm.
1036 445 1109 532 255

125 569 195 646 Ora
213 581 329 657 manu,
339 581 494 655 mutaque
510 572 622 636 haerent
637 570 669 635 in
686 584 809 657 gutture
826 585 931 637 voces.-

124 663 214 747 Quid
233 661 359 726 moror?
380 656 441 739 ipse
458 675 531 719 meo
547 672 690 738 promam
707 654 746 718 de
763 652 887 737 pedore
901 655 1005 754 verba,

124 747 257 812 Pectore
274 743 359 826 quod
378 744 481 806 multo
497 738 686 821 jamdudum
702 756 863 803 murmure
880 740 1017 808 claustnt

126 830 262 913 AEstuat,
282 828 447 910 &patulas
464 836 560 887 certat
576 820 710 905 proferre
727 823 784 886 sub
801 842 907 891 auras:

126 912 209 978 Non
226 914 315 977 aliter
330 906 479 974 conclusa
498 906 582 969 cadis
602 906 791 971 bullantibus
809 907 899 971 undis

128 997 238 1064 Multa
255 1009 382 1083 gemunt
399 994 492 1074 intus,
511 990 630 1073 spumat
645 991 691 1054 vis
709 990 798 1076 ignea
812 987 938 1055 Bacchi.

129 1078 217 1165 Ergo
234 1081 289 1144 iter
305 1076 465 1161 expediam
481 1075 602 1158 linguae,
622 1074 812 1158 gravidoque
829 1074 941 1139 levabo
1101 1145 1104 1150 ,

129 1164 230 1230 Fasce
246 1164 396 1243 animum,
416 1179 474 1223 nec
494 1156 665 1241 personam,
685 1172 738 1222 aut
752 1157 929 1222 discrimina
944 1160 1049 1223 vultur

128 1247 320 1331 Respiciam,
340 1266 397 1311 nec
416 1261 467 1306 me
484 1256 603 1306 mutato
620 1241 746 1304 nomine
763 1259 955 1323 quemquam
1104 1248 1106 1251 ’

131 1331 336 1414 Compellare
352 1332 450 1415 juvat,
471 1325 550 1390 fictis
567 1322 704 1405 prosatio
722 1324 821 1388 verbis

91 1467 96 1490 ,
129 1412 303 1498 Displicet;
324 1428 472 1491 utentem,
491 1407 588 1474 subita
604 1427 656 1471 me
672 1422 773 1471 morte
791 1406 922 1474 Creator

129 1496 290 1580 Perderet,
310 1498 339 1563 &
355 1495 426 1565 tristi
443 1493 591 1560 aternum
608 1491 806 1558 consumerer
823 1491 905 1577 igne.⁸

362 1718 397 1799 C
453 1721 493 1803 Α
550 1717 595 1798 Ρ.
678 1717 890 1799 XXXIII.

229 1904 307 1972 Une
322 1906 378 1991 his,
395 1926 464 1989 qua
474 1907 578 1974 dicam
587 1923 762 1973 memorem
774 1922 805 1971 te
815 1908 970 1974 advertere
980 1924 1118 1981 mentem

248 1990 326 2069 Jobe
341 2001 461 2074 precor,
480 2013 559 2075 puro
574 1992 723 2073 quoniam
739 1987 779 2055 de
795 1990 919 2075 pedore
934 1994 1051 2064 ducam

135 2075 301 2141 Sinceram
318 2079 409 2141 nullo
424 2073 564 2141 fucatam
580 2076 711 2140 crimine
727 2095 852 2141 vocem

134 2157 201 2223 Me
216 2157 301 2223 sacer
317 2160 433 2225 effinxit
447 2158 566 2245 fragilis
582 2160 621 2223 de
638 2163 763 2243 pulvere
779 2162 848 2225 limi

137 2241 167 2307 F
168 2246 262 2327 latus,
283 2242 312 2307 a
329 2242 472 2307 accendit
486 2258 628 2331 vegetam
646 2243 809 2325 spiramine
824 2244 931 2311 vitam.

136 2322 318 2410 Responde,
338 2328 369 2392 dt
385 2328 512 2410 promtis
528 2341 636 2391 contra
651 2345 704 2389 me
720 2327 881 2426 accingere
895 2330 1006 2395 verbis.
1103 2366 1106 2375 ·

138 2409 228 2493 Quid
245 2412 376 2475 metuis?
398 2410 473 2492 quin
490 2413 589 2477 nostra
604 2411 691 2474 vides
708 2410 860 2476 int'erntus
875 2415 949 2478 ora?

137 2492 344 2576 Figmentum
360 2496 490 2556 mortale
505 2493 616 2556 timer?
636 2513 700 2555 non
716 2494 820 2572 aspera
833 2495 923 2558 nobis

137 2573 249 2643 Verba
265 2576 384 2657 sonant,
405 2575 546 2656 quamvis
563 2575 687 2638 meritus
705 2575 742 2638 srs
759 2574 862 2657 aspera
876 2578 979 2645 verba.

139 2659 261 2726 Annon
277 2659 330 2724 ista
343 2669 430 2723 meas
446 2677 542 2741 nuper
557 2677 617 2721 vox
634 2657 767 2740 perculit
780 2662 889 2726 aures?

141 2745 322 2812 Immunem
338 2742 461 2807 sceleris
478 2743 574 2806 vitam
595 2742 657 2807 fine
673 2742 741 2804 labe
758 2762 828 2824 pere
850 2744 870 2827 ',

142 2827 242 2911 Oppu
262 2842 314 2891 nat
330 2843 382 2888 me
395 2824 503 2902 fraude
518 2823 620 2906 Deus,
639 2824 798 2890 Mavortia
826 2828 957 2894 tendens

143 2911 215 2978 Ora
242 2930 327 2992 erox,
345 2922 502 2989 nervoque
518 2909 639 2991 pedem,
658 2924 751 2989 atque
766 2910 882 2975 obseffa
895 2913 1017 2977 viarum

144 2993 290 3061 Claustra
303 3006 397 3077 tenet,
417 3013 519 3057 nonne
536 2991 675 3076 agnoscis
693 2992 815 3078 vestigia
829 2994 919 3058 vocis

145 3079 289 3163 injusta?
308 3076 383 3158 quid
399 3075 483 3139 enim
498 3074 600 3139 divina
615 3075 750 3158 potentia
765 3075 866 3162 cedet,
959 3083 962 3088 '

146 3163 245 3243 Jobe!
265 3161 333 3244 tibi,
351 3159 506 3241 tollesque
522 3159 654 3238 animos,
673 3164 857 3239 coelumque
872 3161 1011 3244 lacesset,

146 3245 183 3312 si
200 3259 307 3310 tecum
323 3244 517 3326 omnipotens
533 3242 633 3306 verbis
651 3259 767 3306 certare
781 3245 918 3310 recuset?

147 3328 210 3395 Sed
229 3328 340 3410 quibus
356 3327 411 3390 ille
427 3325 530 3390 modis
545 3325 706 3410 humanas,
724 3325 844 3410 accipe,
862 3343 981 3395 mentes

147 3411 295 3491 Erudiat;
314 3414 454 3475 namuel
472 3409 534 3474 sese
549 3409 604 3473 sub
621 3409 713 3474 nocte
725 3411 833 3494 silenti,

149 3493 240 3559 cum
250 3496 361 3559 tacitot
375 3495 475 3558 volvit
491 3492 607 3558 Phoebe
624 3490 751 3559 Titania
766 3515 888 3576 currus,
941 3540 948 3553 .

150 3577 293 3659 Exhibet,
313 3575 407 3659 inque
422 3578 535 3642 sonum
552 3578 683 3643 snuosas
699 3580 834 3660 explicat
849 3599 950 3663 aures,

150 3661 364 3742 informatque
378 3662 519 3725 animum
535 3662 672 3742 monitis,
693 3664 768 3743 qnid
787 3683 943 3745 quemque
952 3656 1106 3745 sequitat,

153 3746 235 3828 Quat
251 3745 301 3809 via
317 3744 452 3808 declinet
468 3742 565 3826 reddo,
586 3745 682 3825 quim
698 3746 763 3807 dira
777 3747 908 3809 rebelles

152 3826 254 3893 Poena
269 3843 383 3910 manet,
403 3845 471 3892 tum
488 3829 548 3909 qut
566 3828 675 3909 possint
691 3829 808 3892 ratione
824 3829 1001 3911 supremum

152 3910 304 3994 Exitium,
322 3911 457 3993 ferrique
470 3913 550 3976 acris
566 3912 660 3975 vitare
675 3910 825 3977 sutorem.
1059 3914 1062 3920 '

152 3995 223 4086 dut
241 3995 339 4082 quatit
353 3993 494 4066 aeneos
510 3993 669 4065 lateratus
685 3997 801 4065 offibut
817 3982 911 4086 irtus,
1027 4070 1135 4149 mit

128 4116 131 4123 ·
1134 4108 1149 4137 Q
