2792 4800
209 382 282 471 affl
564 372 598 478 J
648 373 681 447 Ο
733 379 764 448 Β
817 377 840 449 1

212 518 273 584 llle
290 514 379 581 semul
394 507 505 595 pacem
519 510 648 599 dederit,
669 516 742 599 quis
765 515 867 582 territa
884 518 985 583 turbet

214 597 364 665 Pedere?
386 598 455 679 quis
470 602 574 664 vultus
593 600 713 665 rursum
732 600 885 665 condente
897 601 1020 668 serenos

217 683 335 749 Pandat
351 699 443 765 opem
457 681 593 747 miseris?
614 705 654 749 an
671 705 735 748 non
752 685 886 749 offensus
904 686 1012 766 iniquo

217 765 284 835 Dat
298 752 399 831 fatuos
417 785 500 851 reges
522 770 650 850 populo,
670 768 853 849 rursumque
872 770 978 834 rebelli

219 852 358 919 Immites
373 848 472 914 frenat
493 854 609 933 populo
625 853 764 916 turbante
781 854 954 935 tyrannos?

220 934 305 1020 Ergo
322 932 430 1000 Deum
446 934 577 1015 implora
590 933 716 1018 fortem,
737 935 787 998 cui
805 955 929 1017 parcere
948 935 1035 1001 cordi

219 1017 338 1104 Insidet,
359 1017 469 1082 invitus
494 1016 556 1081 sese
574 1020 723 1082 convertit
740 1018 777 1081 ad
796 1019 864 1082 iras.

220 1103 317 1187 Quod
334 1101 436 1182 video,
456 1101 557 1165 scelus
574 1101 718 1187 agnosco,
739 1121 790 1164 me
807 1102 938 1166 crimina
953 1101 1035 1169 tedia

222 1187 351 1267 Instrue‚
372 1202 444 1249 nam
458 1185 579 1269 posthae
598 1186 715 1267 semper
730 1205 859 1268 peccare
877 1185 1034 1265 recusem;

223 1268 272 1336 Ex
287 1268 393 1333 animo
408 1269 470 1332 hec
488 1268 638 1349 numquid
656 1268 792 1350 profers?
812 1268 1011 1351 clemensque
1028 1269 1173 1354 rependet

221 1345 301 1433 Jo'ea
315 1353 379 1435 tibi,
400 1351 451 1415 sed
472 1354 491 1416 st
509 1352 602 1433 porto
620 1351 804 1416 contendere
820 1372 937 1438 pergas,

224 1435 325 1521 Elige,
346 1452 419 1501 nam
435 1440 529 1499 talem
546 1452 741 1580 neynaquam
756 1440 879 1520 elegero
897 1436 1025 1514 sortem3

222 1521 310 1602 Quin
329 1520 475 1601 loqueris,
497 1538 564 1597 quae
596 1535 639 1583 ert
655 1518 795 1582 animus?
816 1520 972 1600 prudentia
987 1520 1086 1603 poseo

223 1601 363 1685 Pedora,
382 1619 458 1665 num
476 1600 590 1665 stolidis
609 1602 728 1666 violarit
745 1602 873 1667 vocibus
890 1621 978 1666 aures

223 1685 332 1769 Jobus,
353 1687 382 1750 de
399 1684 525 1768 indigno
542 1682 665 1749 foedarit
683 1686 811 1750 crimine
829 1686 871 1749 lin
895 1686 986 1749 ruam?

224 1769 323 1833 Alme
338 1770 459 1852 parens!
482 1767 565 1849 prius
584 1767 628 1831 his
647 1768 817 1847 Jobnmne
834 1706 936 1832 dedere
953 1770 1065 1855 poenis,

259 1871 332 1916 uam
348 1850 442 1916 vidlas
460 1850 550 1914 dedat
567 1854 684 1932 palmas
702 1871 757 1932 pro
773 1852 885 1917 talibus
903 1858 990 1936 aulis,

264 1935 396 2001 eseelus
413 1936 592 1998 accumulet
610 1934 729 2018 sceleri,
750 1934 879 2000 ludibria
895 1933 990 2018 jadet

225 2019 263 2085 In
278 2018 395 2103 socios,
411 2016 462 2102 ipsr
479 2016 594 2084 indicat
612 2033 768 2085 certamen
784 2022 924 2104 olympo.

460 2241 498 2324 C
554 2246 591 2324 A
649 2246 690 2326 Ρ.
775 2239 962 2325 XXXV.

219 2433 395 2593 PRomit
410 2431 511 2499 adhuc
527 2437 602 2500 tales
620 2431 712 2499 Elihu
729 2433 768 2497 dc
790 2433 912 2516 pedore
928 2455 1038 2521 voces,

308 2519 431 2584 Siccine
449 2533 478 2584 te
495 2538 578 2584 vanae
596 2518 680 2583 tollit
696 2516 812 2584 fiducia
829 2519 952 2601 mentis,

227 2603 280 2668 Ut
297 2603 405 2684 pietate
423 2620 527 2682 parem
544 2603 649 2665 eredas
666 2621 730 2664 non
749 2601 807 2665 effe
825 2601 1025 2666 Tonantem?

228 2685 316 2770 Quid
334 2684 406 2746 mihi
423 2683 580 2766 profuerit,
600 2685 696 2764 dices,
716 2685 802 2763 quod
821 2686 894 2748 talia
908 2686 1008 2766 patrus

227 2768 397 2852 Supplicia,
416 2770 446 2832 de
462 2781 559 2831 tantas
573 2768 699 2830 exsolvo
717 2786 845 2848 corpore
864 2771 991 2848 poenas?

227 2852 273 2919 At
290 2868 430 2931 tenone,
450 2849 543 2929 Jobe!
565 2850 730 2932 admoneo,
750 2850 910 2932 sociosque
928 2873 980 2934 per
997 2851 1105 2916 orbem

228 2939 319 3020 Quos
338 2936 386 2999 hic
405 2955 487 2997 error
505 2934 604 3016 habet,
625 2934 732 2997 sinuosi
751 2935 885 3018 tegmina
901 2938 976 3000 coeli

225 3019 374 3102 Adspice,
394 3017 605 3100 suspensusque
622 3021 683 3080 alta
699 3018 753 3081 sub
769 3019 888 3082 tomice
906 3019 1055 3103 lymphas.

227 3102 261 3170 si
279 3102 384 3167 sceleri
401 3101 553 3186 indulges,
574 3101 725 3180 numquid
743 3103 883 3167 nocitura
898 3101 1036 3168 Tonanti

228 3187 329 3251 Arma
344 3185 441 3271 geris?
462 3185 579 3265 contra,
600 3185 620 3247 st
638 3183 722 3249 tedio
739 3186 858 3248 tramite
873 3186 967 3249 vitam

228 3266 359 3355 Dirigis,
378 3288 417 3331 an
433 3270 542 3350 poteris
560 3267 730 3349 quidquam
746 3267 881 3350 prodesse
897 3267 1057 3336 Tonanti?

228 3353 275 3420 At
290 3368 342 3416 tua
358 3366 387 3415 te
404 3352 500 3416 servat
518 3353 623 3433 pietas,
642 3353 755 3416 vicinia
773 3367 836 3416 tota

228 3434 328 3502 Sentit
342 3454 446 3516 opem,
467 3436 589 3497 sceleris
610 3436 717 3498 contrl
733 3437 877 3532 contagio
893 3437 955 3502 late

230 3519 330 3602 Serpit
347 3521 377 3581 in
394 3518 531 3600 exitium,
552 3518 699 3598 lusitque
716 3518 843 3582 involvit
859 3524 982 3586 acerbo.

229 3604 275 3667 At
291 3605 386 3683 dices,
406 3602 500 3686 gemit
517 3601 633 3665 assiduo
650 3604 735 3685 plebs
751 3606 850 3666 multa
867 3605 985 3686 tyranni

226 3686 339 3752 Fradla
354 3687 441 3770 jugo,
462 3687 491 3749 de
509 3689 594 3767 largo
610 3684 695 3748 ducit
712 3685 834 3767 suspiria
853 3688 951 3773 lueto,

226 3765 301 3834 Nec
317 3786 419 3834 tamen
435 3771 585 3852 attingunt
601 3770 730 3850 inopum
743 3771 888 3834 Coelellia
908 3793 998 3838 curae.

225 3853 320 3918 Haud
337 3852 480 3934 equidem
497 3853 628 3933 inficior,
647 3852 698 3915 sed
716 3873 779 3917 non
793 3873 829 3916 ea
845 3858 936 3920 turba
954 3867 1113 3941 potentem

222 3934 299 4008 Rue·
314 3951 407 4006 vocat
422 3933 610 4022 Dominum,
630 3933 720 4002 Deus
738 3935 760 4000 d
777 3939 852 4003 mihi
870 3942 1021 4011 conditor
1039 3936 1134 4012 adsts!
1158 4014 1205 4086 U,
