2792 4800
485 338 770 474 cantu
1051 418 1132 503 a„

137 535 207 622 Te,
228 536 324 620 Jova!
345 535 458 605 interea
473 538 555 604 nube
571 538 604 605 dr
620 536 754 623 caligine
769 543 867 625 velas,

186 620 243 687 Ne
259 622 366 689 nostra
381 635 537 707 genetrent
553 623 585 687 in
597 637 649 688 tua
665 625 738 687 vela
754 643 872 707 preces.
1006 689 1012 699 ,

142 701 221 774 Nos
240 706 319 772 viles
335 707 465 791 animas,
483 704 573 773 foedae
589 719 624 769 ut
638 725 679 788 pu
768 708 818 773 ina
832 725 928 793 terrae,

189 792 227 855 In
242 790 349 856 medio
365 790 447 856 istius
463 790 560 874 gentis
576 788 668 853 ineffe
697 790 765 854 nris.

143 871 290 943 Dilatant
307 875 417 957 patulis
434 887 543 941 contra
557 891 616 937 nos
633 871 758 938 notibus
773 892 840 957 orn,

184 954 371 1041 Nemore,
390 976 448 1023 nec
466 957 583 1039 clades,
602 974 661 1020 nec
673 976 768 1040 pavor
780 960 864 1022 ullus
876 958 966 1028 abest.

140 1040 228 1108 Hinc
246 1041 382 1108 lacrima
392 1042 489 1127 largit
507 1038 682 1105 humeth
698 1041 817 1105 lumina
830 1043 915 1129 rivis,

187 1122 335 1190 Maxima
351 1125 390 1189 de
406 1124 505 1208 parvis
520 1122 655 1189 fontibus
672 1125 755 1188 unda
771 1125 848 1194 fluit.

138 1204 217 1275 Nec
234 1207 317 1291 prius
333 1208 469 1275 arescent
486 1210 591 1275 flentes
608 1208 639 1272 in
656 1209 784 1273 flumina
799 1228 894 1295 vente,

181 1292 325 1357 Vulnera
341 1293 436 1373 quim
452 1296 591 1356 clemens
607 1290 716 1355 viderit
733 1292 785 1357 illa
803 1289 902 1359 Deus.
1023 1361 1026 1369 ,

136 1373 295 1455 Adiciunt
312 1377 397 1441 oculi
413 1376 565 1441 turbatam
582 1376 613 1439 in
628 1372 752 1456 pedore
768 1391 921 1460 mentem

180 1454 270 1524 Nata
285 1456 377 1525 Sion!
398 1458 505 1527 caussi
521 1456 644 1545 penora
658 1459 768 1524 moesta
782 1459 838 1524 tui.

137 1541 303 1609 Immerito
319 1561 371 1607 me
389 1557 497 1609 contra
512 1542 604 1608 hostis
620 1543 772 1607 venabula
788 1544 894 1629 tendit,

179 1624 233 1692 Ut
249 1625 329 1696 solet
346 1627 480 1693 immites
498 1627 551 1707 qui
569 1628 651 1709 capit
668 1641 732 1691 arte
746 1625 838 1690 feras.

134 1706 187 1777 En
202 1709 325 1793 jaciunt
341 1711 468 1795 lapides,
489 1709 601 1775 &saxa
617 1710 766 1776 minantia
782 1714 941 1792 torquenti

181 1794 219 1859 In
234 1792 359 1859 foveam
372 1792 475 1861 subito
491 1811 576 1859 mors
591 1797 767 1859 truculenta
781 1796 867 1880 rapit.

134 1873 238 2027 Suffia
253 1894 305 1941 me
322 1878 477 1943 exundant
494 1877 600 1940 multis
615 1896 693 1975 vage
707 1878 835 1941 flumina
849 1879 933 1965 rivis,

221 1975 234 2025 t
248 1978 301 2024 me
315 1961 360 2025 nil
376 1959 461 2025 aliud
479 1961 577 2042 quim
588 1959 706 2043 perirffe
720 1962 846 2043 putem?
958 1992 960 1995 ·

133 2044 282 2109 Inclamo
296 2062 423 2129 numen,
440 2048 535 2109 lacco
550 2062 601 2108 me
617 2043 696 2124 Jova
709 2044 867 2128 pronndo

175 2126 295 2211 Audiit,
316 2144 407 2212 atque
423 2146 552 2195 omnem
565 2129 650 2214 juffit
666 2128 764 2196 abeffe
780 2143 913 2195 metum.

131 2208 215 2292 Jova
230 2211 306 2276 mihi
321 2228 468 2295 patronus
485 2213 552 2296 erit,
572 2232 638 2296 quo
653 2213 776 2278 vindice
792 2215 900 2300 fretur,

173 2295 251 2361 Vita
265 2296 340 2359 mihi
355 2297 388 2364 in
405 2296 514 2362 mediis
531 2296 573 2363 est
590 2314 661 2362 mea
674 2310 741 2365 tuta
757 2299 859 2364 natis.

128 2376 962 2466 ceme‚1)eue,judexque!oquomoderaminetnm
1102 2385 1105 2392 '

172 2465 257 2549 Quae
274 2467 359 2526 mala
375 2466 566 2548 pertulerim,
584 2480 698 2546 quanta
708 2464 835 2529 ferenda
851 2464 955 2527 milti.¹

129 2543 214 2615 Non
232 2561 264 2612 te
281 2566 350 2628 quat
365 2549 463 2615 tacito
477 2547 585 2612 secum
601 2548 657 2611 sub
711 2547 797 2613 &ore
810 2547 935 2632 muffet,

171 2629 249 2696 Nec
265 2629 300 2696 fu
323 2631 347 2697 it
363 2633 418 2696 illa
434 2635 547 2697 oculos
565 2631 644 2700 ultio
673 2653 736 2698 eva
752 2647 833 2697 tuos.

127 2711 247 2781 Probra
262 2650 359 2799 augis,
379 2715 521 2798 nostique
535 2715 630 2782 animi
646 2716 762 2782 secreta
779 2714 911 2798 latentis,

174 2798 321 2884 Cognita,
337 2818 406 2880 qun
422 2799 544 2883 dicunt,
554 2820 623 2885 quae
638 2800 835 2884 meditantur,
850 2801 954 2865 labo.

127 2878 505 2969 Seusmguntplacidove
516 2877 622 2952 locan't
632 2883 685 2948 sua
696 2884 837 2950 membra
847 2883 957 2965 cubili,

173 2964 228 3032 De
242 2984 295 3029 me
310 2967 459 3050 perpetuo
476 2968 561 3049 quod
577 2966 777 3033 modulentur
793 2966 913 3032 habent.

129 3047 244 3117 Redde
256 3050 353 3134 vicet,
372 3051 555 3133 meritasque
565 3052 632 3115 luat
646 3069 721 3138 gent
731 3050 825 3133 impia
836 3065 956 3134 penas,

171 3132 215 3200 Et
229 3131 360 3202 referant
374 3132 464 3200 fastis
480 3135 603 3218 premia
619 3134 711 3221 digna
726 3135 798 3199 suis.

128 3212 189 3285 Tu
205 3215 337 3282 defende
351 3218 430 3301 pior,
451 3219 481 3286 dt
497 3217 569 3283 forti
584 3233 709 3317 protege
724 3215 842 3299 dextri,

172 3301 345 3369 lutroini
362 3301 500 3388 invigilet
517 3321 592 3368 cura
607 3303 737 3386 benigna
753 3303 810 3366 tui⁴

128 3382 188 3455 nrt
203 3385 278 3449 illos
293 3385 377 3469 dirae,
395 3385 428 3452 dt
445 3385 579 3451 crudelis
595 3401 684 3450 vexet
699 3385 842 3469 tityonis,

172 3467 280 3550 Atque
294 3469 402 3534 ardens
417 3468 504 3537 furiis
520 3487 607 3536 torva
624 3468 761 3556 Megaera
776 3470 848 3533 suis.

128 3555 295 3645 Quantum
310 3552 415 3637 irique
435 3554 570 3637 odioque
586 3568 684 3636 potes,
704 3567 751 3618 tot
770 3550 909 3637 concipe
917 3551 1072 3634 flammo,

169 3633 227 3707 Ne
241 3635 365 3709 rideant
383 3640 458 3707 coeli
476 3637 611 3725 tegmina
628 3635 712 3703 celsa
730 3637 784 3705 tui.

493 3887 631 3961 Mma
968 3880 1113 3955 CAR
