2792 4800
388 583 757 759 erar.

179 816 182 820 ⁴
259 822 336 893 Une
354 845 433 893 voce
451 819 552 894 stellas
568 844 694 911 percute
710 834 880 923 flammeae,

276 908 314 974 N
316 932 376 975 unc
394 930 475 976 voce
489 912 586 977 vallet
603 932 728 997 percute
744 938 912 1008 concavet,

214 993 265 1061 Ut
281 992 342 1059 raa
356 996 476 1060 vocalis
492 997 626 1063 remittat

250 1077 339 1142 Aura
355 1080 408 1142 tibi
418 1079 552 1146 sonitum
564 1084 748 1163 loquacem:

165 1161 222 1229 An
237 1165 323 1227 ullus
339 1161 402 1228 otii
418 1163 499 1228 orbis
518 1164 549 1227 in
566 1165 683 1230 ultimis

164 1247 220 1315 Sic
237 1259 269 1310 te
291 1244 449 1311 dolentem
467 1248 751 1317 commiserabituti

210 1328 265 1395 An
281 1330 369 1393 turba
382 1330 537 1414 juliorum
553 1334 686 1411 querelis

250 1412 310 1478 His
325 1412 433 1478 faciles
452 1412 604 1479 adhibebit
618 1417 729 1485 aures?

128 1516 147 1564 a
166 1494 227 1563 Vir
244 1498 355 1562 mentis
372 1498 472 1580 impos
488 1499 577 1564 rebm
595 1500 626 1563 in
644 1500 756 1585 asperis

165 1580 262 1665 Spem
278 1580 365 1663 ponit
380 1598 519 1664 omnem,
539 1579 669 1648 &irena
683 1586 738 1651 dat
753 1584 857 1670 impin

209 1664 389 1747 lareribus,
406 1664 565 1748 granaque
581 1669 677 1741 currit

256 1743 404 1830 Pracipiti
419 1746 536 1814 temeri
551 1749 583 1814 in
599 1747 731 1817 ruinam.

129 1851 148 1920 3
168 1829 244 1895 Vidi
262 1830 322 1914 ipse
337 1834 432 1894 talem
447 1830 525 1915 sepi
539 1851 599 1919 ego
615 1835 762 1903 floridum

166 1914 194 1984 F
195 1913 327 1979 roudosa
344 1912 407 1979 late
425 1916 545 1980 brachia
560 1916 703 2006 pandere,

207 1997 328 2068 Radice
343 1997 461 2064 fultum
476 1999 525 2065 nil
539 1999 657 2068 timenti

249 2082 415 2148 Horriferae
430 2082 591 2149 fremitum
607 2088 767 2168 procelle:

163 2164 253 2249 Vidi,
272 2165 325 2230 sed
341 2168 395 2230 alti
412 2182 448 2234 ut
464 2185 525 2233 vox
541 2170 643 2238 tonuit
658 2166 733 2255 Dei,

163 2247 336 2331 AEtherque
351 2250 435 2315 savir
450 2251 599 2333 increpuit
615 2252 717 2335 minin,

124 2344 127 2349 ·
208 2332 244 2397 A
262 2333 348 2413 stirpe
366 2352 440 2397 mor
455 2335 562 2402 vulfur
578 2336 775 2403 tremendum
810 2355 819 2364 ·

85 2474 87 2479 ,
253 2414 371 2497 Lapsus
388 2417 472 2480 humi
487 2417 654 2501 ingeminat
671 2418 841 2505 fragorem.

127 2519 144 2584 4
160 2497 272 2564 Proles
288 2497 412 2580 periclis
428 2500 518 2563 obvia
535 2498 676 2582 plurimis
829 2575 834 2585 p

163 2582 299 2651 Infausta
315 2579 379 2647 late
398 2581 538 2667 cingitur,
558 2581 710 2665 orphanos

85 2674 88 2679 '
205 2666 323 2750 Aperta
340 2665 386 2730 vis
402 2665 633 2751 praelatarum

250 2747 378 2816 Prasrdii
394 2750 503 2816 viduos
520 2749 646 2819 leceffit.

123 2855 141 2918 5
160 2832 288 2899 Dumot
304 2833 435 2916 repostas
449 2834 526 2898 inter
543 2834 573 2902 it
589 2835 713 2900 arbutos

163 2916 282 2985 Meffes
298 2918 455 2981 latronum
469 2914 613 3000 diripiunt
626 2935 752 3000 manus,

204 2998 363 3080 AEdesque
378 2996 578 3083 perfringunt,
596 3000 752 3069 &aurum

248 3081 289 3150 Et
305 3083 416 3150 nitidos
432 3085 582 3166 populant
596 3082 731 3167 lapillos.

118 3169 139 3231 6
160 3162 241 3231 Non
258 3182 336 3232 terra
355 3187 455 3249 curas,
475 3184 539 3231 non
557 3166 632 3247 parit
646 3167 766 3250 asperos

159 3249 268 3318 Pulvis
286 3250 431 3316 dolores:
450 3268 526 3335 gens
544 3250 707 3315 immitium
728 3265 831 3314 tamen

206 3349 226 3419 7
246 3332 300 3397 Ad
319 3334 381 3398 hac
397 3332 524 3399 ferenda
541 3334 582 3399 eli
600 3347 680 3416 nata,
699 3348 861 3416 tamquam

247 3417 323 3481 Alta
340 3433 444 3500 petunt
461 3416 570 3490 calida
584 3415 708 3484 favilla.

117 3499 137 3568 8
158 3500 296 3565 Fortuna
313 3503 330 3539 *
349 3503 368 3565 fi
385 3521 437 3565 me
452 3497 574 3566 lubrica
591 3502 742 3585 sterneret,

158 3582 269 3652 Deum
283 3600 423 3672 rogarem
439 3601 516 3735 meg
531 3601 622 3667 prece
637 3587 793 3673 supplica
967 3665 1002 3738 D

530 3688 553 3734 0
970 3693 972 3699 ’
1005 3685 1077 3736 eum

133 4017 155 4110 f
172 4009 211 4094 ld
229 4014 284 4108 eu,
302 4016 371 4086 Sors
386 4015 437 4086 uel
451 3965 578 4088 traditio
594 4018 678 4088 rite.
