2792 4800
459 380 617 463 css.
669 382 872 459 xxxm.
1063 339 1070 487 J
1099 363 1198 484 :357

262 525 385 603 'situlis
402 540 460 591 nee
481 521 539 597 ulli
556 519 696 588 blandiar
713 520 895 588 fallacibus.

200 636 242 698 us.
265 613 327 681 Me
344 627 480 694 namque
491 626 598 675 rerum
614 608 733 695 genitor
753 605 771 672 ὲ
788 605 899 672 medio
915 598 1046 689 auferet,

267 698 310 766 Et
325 695 410 761 falce
427 694 538 759 mortis
550 691 709 757 diffecabit
723 690 839 775 asperi,
986 703 989 708 ’

267 783 303 851 Si
327 778 412 849 forte
428 779 527 848 titulis
546 774 686 846 blandiar
701 774 882 848 fallacibus.

361 1200 440 1273 Une
461 1217 491 1269 te
508 1202 686 1286 suppliciter
701 1222 823 1290 precor,
1189 1260 1196 1269 .

341 1356 345 1364 ,
381 1288 483 1356 Aures
506 1287 642 1358 consiliis
660 1307 746 1357 nulio
766 1290 873 1357 adhibe
892 1295 980 1390 mels,
1090 1364 1092 1368 ,
1132 1324 1135 1332 ·

413 1369 490 1437 Neu
513 1390 609 1439 voces
634 1369 851 1454 Aquilonibus
1053 1403 1059 1422 ,

270 1458 440 1528 Pulsandas
455 1474 595 1523 vacuum
612 1454 697 1522 trade
714 1476 768 1540 pur
782 1463 878 1531 aeras

230 1573 250 1620 2
392 1540 462 1608 En!
482 1542 551 1626 jam
568 1540 673 1624 libera,
694 1542 832 1611 motibus

231 1624 234 1630 ’
274 1626 348 1696 Sese
372 1626 479 1713 lingua
497 1638 576 1691 rotnt
592 1625 692 1691 nostra
709 1627 902 1717 volucribus,

396 1708 455 1774 Per
468 1706 577 1781 fauces
593 1708 703 1776 saliens
721 1710 783 1776 levi

273 1796 393 1879 Cursu,
412 1813 470 1858 nec
490 1792 620 1860 tacitum
637 1793 738 1877 diligit
756 1794 867 1863 otium.

231 1906 251 1971 3
393 1875 589 2027 Defromam
606 1876 712 1941 medio
729 1876 759 1942 in
773 1896 855 1960 penu

275 1967 356 2051 Qua
374 1982 430 2029 cor
453 1961 477 2034 is
499 1963 630 2045 latitant,
647 1962 900 2032 &venerabilem

395 2045 513 2114 Pandet
535 2046 639 2132 lingua
658 2044 767 2111 scienti

274 2130 357 2201 Non
371 2130 450 2198 fuco
467 2147 520 2199 aut
535 2131 626 2203 variis
644 2128 724 2196 illita
740 2063 911 2205 fraudibus.

234 2240 256 2303 4
396 2216 498 2283 Ecce!
523 2216 675 2281 iuventte
692 2233 849 2284 creaverat

279 2300 378 2367 Attus
394 2315 458 2368 arte
485 2318 574 2367 meos
590 2298 724 2373 mirifica
743 2295 845 2385 Deus,

397 2383 438 2451 Er
452 2381 543 2450 fadis
560 2384 645 2450 dedit
660 2385 786 2457 artubus

281 2467 433 2535 Alternus
452 2469 563 2542 anima
580 2469 695 2534 ducere
711 2469 875 2552 anhelitus,

401 2548 495 2616 Olim
511 2550 671 2615 letificans
687 2550 774 2636 mihi,

278 2636 379 2706 Vitali
399 2638 517 2712 luteam
534 2634 652 2700 lumine
667 2631 829 2702 fabricam.

237 2742 255 2808 5
395 2717 429 2787 sl
453 2715 618 2784 defendere
637 2716 766 2800 suscipis

278 2801 371 2886 (Nec
390 2818 420 2868 te
437 2805 487 2867 vel
507 2802 602 2885 pietas
619 2804 670 2865 vel
689 2799 791 2884 pudor
811 2802 967 2890 abnuunt)

397 2883 547 2952 Cauffam
561 2901 626 2950 tam
642 2882 728 2950 male
745 2886 930 2972 consonam,

283 2967 422 3036 consue
438 2970 471 3035 in
486 2969 603 3055 medio,
618 2969 773 3051 verbaque
789 2970 928 3051 protinus

404 3051 528 3119 Produc
547 3054 578 3120 in
598 3052 739 3126 medium
755 3065 818 3130 tua,
942 3106 946 3116 .

239 3145 261 3210 6
281 3136 425 3204 Absentis
437 3137 558 3202 vicibus
575 3136 705 3221 judicis,
719 3138 775 3204 en!
795 3131 860 3205 Dei

401 3220 535 3286 Prosens
553 3220 614 3304 ipse
631 3220 766 3292 vicarius

282 3306 419 3391 Fungar,
439 3305 523 3387 quod
536 3304 626 3379 toties
638 3301 710 3374 ante
729 3305 901 3392 cupiverat,

402 3388 532 3456 Effieius
548 3388 650 3474 fragili
662 3393 742 3489 luto²
802 3473 805 3480 Ι
869 3423 875 3439 ·

283 3470 375 3541 Sicut
413 3494 466 3540 ens
485 3474 648 3544 hominum
666 3476 793 3574 fingitur
814 3472 968 3540 omniurn.

241 3575 261 3647 ἲ
286 3555 879 3727 Incassdrffurrequgssendrsrtllrglrttpenerkgffz

406 3725 487 3793 Non
506 3742 534 3793 te
568 3746 632 3794 non
649 3746 721 3794 mea
737 3727 861 3798 dextera

285 3810 399 3880 Paffim
415 3777 595 3878 vulneribus
613 3813 686 3899 figet
704 3810 871 3877 atrocibus.

222 3895 242 3969 8
403 3897 511 3964 Voces
525 3895 684 3962 audieram
705 3910 784 3982 tuas,

285 3981 375 4084 Quas
392 3999 508 4071 magua
526 3978 655 4061 stolidus
677 3998 841 4060 mamete
862 3973 999 4066 tudens,
