2792 4800
298 636 303 645 '
397 623 433 705 C
491 621 530 705 A
586 618 631 700 P.
707 618 880 723 XXIII.

201 811 297 881 Obor
311 813 353 889 ad
370 815 447 899 hac,
470 813 543 880 tristi
559 812 681 881 defixus
696 812 925 900 pertonant,
1060 889 1063 895 ,

221 896 303 966 Non
320 902 388 967 ulla
403 901 543 984 adfriget
562 900 697 981 requiee3
714 900 897 984 majoraque
912 899 1006 971 sumit

223 987 420 1052 Incrementa
436 984 528 1048 dolor
544 1001 608 1047 non
625 984 804 1048 enarrabilis
821 987 890 1052 ulli.
920 991 922 993 ’

139 1070 178 1135 0
195 1070 315 1135 utinam
333 1070 427 1135 liceat
442 1088 494 1133 me
508 1065 624 1152 judicis
641 1082 713 1134 ante
729 1068 862 1133 tribunal

138 1154 264 1238 Sistere,
285 1155 315 1219 ἃ
331 1154 473 1219 innocuae
490 1152 643 1216 ratIonem
656 1148 785 1216 reddere
800 1152 925 1220 cauffo!

140 1232 225 1304 Non
242 1252 347 1304 tamen
365 1238 419 1301 ille
434 1236 533 1303 velim
549 1249 617 1298 toto
636 1235 801 1301 conamine
816 1237 895 1305 vires

138 1320 280 1402 Exserat,
299 1323 330 1387 ἀ
346 1322 463 1405 justum
479 1320 567 1384 nobis
584 1319 615 1382 in
631 1317 736 1400 praelia
752 1320 845 1383 robur

136 1404 328 1503 Suppeditet²
348 1403 449 1487 qualis
469 1403 578 1485 suevit,
599 1401 793 1484 quantusque
809 1402 905 1468 videri
992 1431 997 1447 ··

139 1487 233 1554 Cium
249 1491 342 1553 claris
357 1486 427 1553 vitae
440 1486 552 1553 merito
570 1487 599 1551 ἃ
614 1486 724 1569 pietate
741 1484 863 1564 decoris

139 1572 196 1652 Jus
214 1573 316 1638 reddit
329 1575 480 1654 clemens,
501 1569 659 1652 &iniquit
678 1571 786 1639 liberat
803 1572 893 1645 auiis,

138 1656 198 1721 Ast
218 1676 279 1742 ego
297 1675 373 1738 quas
392 1656 517 1741 cingam
529 1654 625 1720 solers
643 1652 715 1718 iuda
738 1654 786 1720 'ne
801 1653 915 1721 terras?
1048 1698 1054 1705 ι

137 1740 254 1806 vertar
270 1739 309 1809 ad
326 1739 386 1805 Eoi
404 1738 562 1804 redeuntia
580 1738 701 1803 lumina
715 1674 845 1803 Ihoebit
1025 1783 1030 1790 -

137 1818 311 1907 Nusquam
326 1823 380 1906 est,
400 1821 542 1888 occiduis
559 1841 617 1885 nec
636 1820 696 1901 qud
716 1821 762 1885 sol
781 1821 912 1920 cingitur
927 1820 1031 1907 undis,

136 1904 217 1986 Nec
233 1905 340 1972 Borea
356 1907 388 1971 in
405 1907 535 1989 campIs,
554 1925 613 1969 nec
630 1904 691 1986 qui
708 1904 756 1981 sol
772 1904 909 1971 fervidus
926 1922 1018 1973 axem

175 1990 244 2056 duit
259 1990 292 2055 in
309 1993 461 2073 flanrmas,
482 1988 603 2055 &solIs
621 1987 725 2056 aestuat
741 1988 831 2057 aruis.

174 2093 219 2141 on
235 2073 295 2172 illi²
316 2075 369 2157 qui
387 2070 501 2140 curua
516 2071 611 2157 videt,
630 2071 739 2139 nostrae
754 2072 853 2140 orbita
871 2070 941 2140 vitae

132 2156 318 2257 Displicurt,
336 2158 449 2243 quippe
465 2154 569 2223 erecto
584 2156 707 2243 vestigr'a
724 2161 807 2222 calle

133 2241 267 2327 institui,
286 2261 345 2307 nec
363 2260 416 2306 me
430 2256 608 2327 carpentem
623 2240 713 2307 devia
729 2240 807 2308 vidit

133 2324 229 2393 Ulla·
238 2325 316 2412 dIes,
335 2326 466 2393 sacrave
484 2327 617 2393 oblitum
632 2328 761 2392 oracula
778 2326 867 2414 Iegis.

135 2410 254 2495 thue
268 2428 380 2476 rurum
395 2412 495 2479 multI
512 2431 554 2495 pu
629 2410 785 2478 tfornace
803 2405 980 2492 recodurn'

130 2494 282 2563 Adverfis
297 2511 349 2567 me
366 2495 407 2558 fic
424 2498 562 2578 explorat
599 2511 659 2557 ova
676 2492 821 2574 caminis,
970 2495 973 2504 '

129 2577 253 2650 Exeam
270 2592 305 2643 ur
323 2575 341 2641 ὲ
359 2579 488 2642 flamma
504 2576 613 2642 obrizo
629 2575 785 2662 purgatior
800 2594 886 2640 auro.

174 2664 237 2731 Ille
250 2662 339 2728 ferox
357 2662 389 2725 in
406 2677 459 2725 me
476 2659 581 2725 solum
595 2658 652 2724 sua
666 2659 786 2743 spicula
803 2672 936 2743 torquet,

133 2747 217 2830 Quis
236 2751 298 2812 tela
315 2745 449 2812 avertet?
469 2743 610 2828 quisnam
626 2743 711 2808 illius
728 2743 810 2808 irrita
824 2742 946 2809 frauder

131 2831 284 2915 confina,
303 2831 334 2895 dr
350 2847 444 2897 vanar
459 2828 567 2893 reddet
583 2829 643 2892 fine
659 2827 774 2893 viribus
791 2827 871 2892 itas?

130 2910 187 2979 De
203 2931 255 2979 rne
272 2911 400 2997 perfecit
417 2911 568 2994 quidquid
586 2911 764 2983 decreverat
779 2911 870 2994 olim,

129 2990 173 3064 Et
189 2995 293 3062 forsan
307 2995 448 3080 graviora
463 3007 599 3077 manent,
620 2993 749 3072 (arcana
764 2989 920 3057 Tonantir

130 3081 197 3164 Qui
217 3101 254 3164 pe
271 3083 366 3146 latent
380 3078 547 3161 homiues‚)
570 3078 641 3141 hinc
659 3078 743 3142 illius
760 3076 870 3142 horreo
887 3076 991 3142 vultur

129 3164 163 3228 A
199 3165 312 3248 pierre,
333 3165 496 3230 &multus
513 3175 603 3225 verat
620 3161 694 3225 mihi
711 3157 837 3244 peoora
853 3174 961 3226 terror.

129 3245 173 3322 Et
190 3248 265 3313 mihi
283 3266 342 3312 ceu
359 3249 476 3311 ferrum
492 3245 638 3310 diuturno
653 3243 771 3308 molliit
784 3241 850 3306 ictu

132 3331 241 3395 Corda
257 3327 358 3416 Deus,
379 3332 537 3413 repletque
550 3329 596 3394 sui
612 3324 791 3392 tremefada
806 3344 930 3407 pavore.

129 3410 233 3484 Mene
249 3413 330 3479 nrori
347 3414 495 3478 miserum
514 3428 578 3479 tarn
592 3412 672 3477 diras
689 3426 760 3475 anre
775 3411 913 3475 tenebras

131 3488 213 3571 Non
229 3497 370 3584 perndie,
389 3516 447 3562 nec
466 3501 523 3579 hos
540 3497 625 3568 letho
641 3509 818 3583 prevertere
834 3491 950 3576 lucius}

381 3720 417 3809 C
473 3720 513 3804 A
568 3717 611 3806 Ρ.
697 3717 861 3806 XXIV.

127 3905 257 4085 CUr
272 3911 362 3980 series
377 3931 493 3997 rerum,
509 3867 623 3977 niundi
638 3929 697 3978 cur
711 3924 852 3996 tempora
867 3904 951 3974 norit

102 4050 108 4060 .
217 3993 311 4086 Jova,
329 3996 390 4082 suis
405 4018 471 4067 non
485 3995 661 4161 nafisssrv‘is
677 3997 820 4085 myteria
835 3991 990 4084 prudenti
1031 4063 1110 4145 Ce't·
