<?xml version="1.0" encoding="UTF-8"?>
<!DOCTYPE html PUBLIC "-//W3C//DTD XHTML 1.0 Transitional//EN"
    "http://www.w3.org/TR/xhtml1/DTD/xhtml1-transitional.dtd">
<html xmlns="http://www.w3.org/1999/xhtml" xml:lang="en" lang="en">
 <head>
  <title>
</title>
<meta http-equiv="Content-Type" content="text/html;charset=utf-8" />
  <meta name='ocr-system' content='tesseract 3.04.00' />
  <meta name='ocr-capabilities' content='ocr_page ocr_carea ocr_par ocr_line ocrx_word'/>
</head>
<body>
  <div class='ocr_page' id='page_1' title='image "./poetarumscotoru00adamgoog_0231.png"; bbox 0 0 2792 4800; ppageno 0'>
   <div class='ocr_carea' id='block_1_1' title="bbox 210 358 996 486">
    <p class='ocr_par' dir='ltr' id='par_1_1' title="bbox 210 358 996 486">
     <span class='ocr_line' id='line_1_1' title="bbox 210 358 996 486; baseline -0.003 -46"><span class='ocrx_word' id='word_1_1' title='bbox 210 380 287 486; x_wconf 77' lang='lat'>‚40⁶</span> <span class='ocrx_word' id='word_1_2' title='bbox 481 358 996 443; x_wconf 71' lang='lat' dir='ltr'>seenssrrsr&#39;rs</span> 
     </span>
    </p>
   </div>
   <div class='ocr_carea' id='block_1_2' title="bbox 211 493 1203 3942">
    <p class='ocr_par' dir='ltr' id='par_1_2' title="bbox 227 493 1165 923">
     <span class='ocr_line' id='line_1_2' title="bbox 227 493 1165 655; baseline 0.007 -84"><span class='ocrx_word' id='word_1_3' title='bbox 227 493 251 580; x_wconf 74' lang='lat'>&#39;2</span> <span class='ocrx_word' id='word_1_4' title='bbox 266 497 346 572; x_wconf 79' lang='lat' dir='ltr'>&#39;Hoc</span> <span class='ocrx_word' id='word_1_5' title='bbox 358 519 486 588; x_wconf 88' lang='lat' dir='ltr'>quoque</span> <span class='ocrx_word' id='word_1_6' title='bbox 504 504 596 570; x_wconf 90' lang='lat' dir='ltr'>erede</span> <span class='ocrx_word' id='word_1_7' title='bbox 610 504 696 590; x_wconf 90' lang='lat' dir='ltr'>mihi,</span> <span class='ocrx_word' id='word_1_8' title='bbox 714 501 851 571; x_wconf 88' lang='lat' dir='ltr'>monitus</span> <span class='ocrx_word' id='word_1_9' title='bbox 863 523 922 570; x_wconf 90' lang='lat' dir='ltr'>nee</span> <span class='ocrx_word' id='word_1_10' title='bbox 933 505 1032 655; x_wconf 55' lang='lat' dir='ltr'>regine</span> <span class='ocrx_word' id='word_1_11' title='bbox 1043 508 1165 578; x_wconf 83' lang='lat' dir='ltr'>noiltot:</span> 
     </span>
     <span class='ocr_line' id='line_1_3' title="bbox 274 587 1061 677; baseline 0.004 -22"><span class='ocrx_word' id='word_1_12' title='bbox 274 588 303 655; x_wconf 85' lang='lat' dir='ltr'>F</span> <span class='ocrx_word' id='word_1_13' title='bbox 305 606 429 653; x_wconf 74' lang='lat' dir='ltr'>anetem</span> <span class='ocrx_word' id='word_1_14' title='bbox 444 587 578 673; x_wconf 73' lang='lat' dir='ltr'>spatiare</span> <span class='ocrx_word' id='word_1_15' title='bbox 597 588 696 675; x_wconf 86' lang='lat' dir='ltr'>faces,</span> <span class='ocrx_word' id='word_1_16' title='bbox 715 589 945 671; x_wconf 80' lang='lat' dir='ltr'>lacrimosaque</span> <span class='ocrx_word' id='word_1_17' title='bbox 985 592 1061 677; x_wconf 85' lang='lat' dir='ltr'>usta,</span> 
     </span>
     <span class='ocr_line' id='line_1_4' title="bbox 273 670 1162 762; baseline 0.006 -24"><span class='ocrx_word' id='word_1_18' title='bbox 273 670 454 755; x_wconf 83' lang='lat' dir='ltr'>Vultusque</span> <span class='ocrx_word' id='word_1_19' title='bbox 472 672 639 758; x_wconf 84' lang='lat' dir='ltr'>exanimes,</span> <span class='ocrx_word' id='word_1_20' title='bbox 660 673 834 757; x_wconf 87' lang='lat' dir='ltr'>oculosque</span> <span class='ocrx_word' id='word_1_21' title='bbox 852 672 884 740; x_wconf 90' lang='lat' dir='ltr'>iu</span> <span class='ocrx_word' id='word_1_22' title='bbox 900 690 1002 741; x_wconf 88' lang='lat' dir='ltr'>morte</span> <span class='ocrx_word' id='word_1_23' title='bbox 1021 690 1162 762; x_wconf 85' lang='lat' dir='ltr'>natantes,</span> 
     </span>
     <span class='ocr_line' id='line_1_5' title="bbox 257 753 1060 842; baseline 0.006 -19"><span class='ocrx_word' id='word_1_24' title='bbox 257 755 327 823; x_wconf 69' lang='grc' dir='ltr'>Ἐίὶ</span> <span class='ocrx_word' id='word_1_25' title='bbox 345 753 440 842; x_wconf 76' lang='lat' dir='ltr'>longe</span> <span class='ocrx_word' id='word_1_26' title='bbox 462 757 578 840; x_wconf 91' lang='lat' dir='ltr'>utilius,</span> <span class='ocrx_word' id='word_1_27' title='bbox 592 756 687 840; x_wconf 76' lang='lat' dir='ltr'>quim</span> <span class='ocrx_word' id='word_1_28' title='bbox 707 756 728 823; x_wconf 88' lang='lat' dir='ltr'>sr</span> <span class='ocrx_word' id='word_1_29' title='bbox 745 758 877 824; x_wconf 85' lang='lat' dir='ltr'>conviva</span> <span class='ocrx_word' id='word_1_30' title='bbox 891 760 1060 828; x_wconf 73' lang='lat' dir='ltr'>recumbas</span> 
     </span>
     <span class='ocr_line' id='line_1_6' title="bbox 273 841 999 923; baseline 0.004 -14"><span class='ocrx_word' id='word_1_31' title='bbox 273 842 358 909; x_wconf 86' lang='lat' dir='ltr'>Inter</span> <span class='ocrx_word' id='word_1_32' title='bbox 374 842 467 923; x_wconf 87' lang='lat' dir='ltr'>plena</span> <span class='ocrx_word' id='word_1_33' title='bbox 486 843 562 908; x_wconf 90' lang='lat' dir='ltr'>meri</span> <span class='ocrx_word' id='word_1_34' title='bbox 581 841 740 909; x_wconf 87' lang='lat' dir='ltr'>redimitus</span> <span class='ocrx_word' id='word_1_35' title='bbox 820 844 874 907; x_wconf 85' lang='lat' dir='ltr'>ula</span> <span class='ocrx_word' id='word_1_36' title='bbox 891 841 999 912; x_wconf 87' lang='lat' dir='ltr'>sertis:</span> 
     </span>
    </p>

    <p class='ocr_par' dir='ltr' id='par_1_3' title="bbox 335 922 1162 1013">
     <span class='ocr_line' id='line_1_7' title="bbox 335 922 1162 1013; baseline 0.006 -25"><span class='ocrx_word' id='word_1_37' title='bbox 335 923 391 989; x_wconf 91' lang='lat' dir='ltr'>id?</span> <span class='ocrx_word' id='word_1_38' title='bbox 412 922 498 1007; x_wconf 86' lang='lat' dir='ltr'>qubd</span> <span class='ocrx_word' id='word_1_39' title='bbox 516 927 547 992; x_wconf 92' lang='lat' dir='ltr'>in</span> <span class='ocrx_word' id='word_1_40' title='bbox 558 926 684 994; x_wconf 89' lang='lat' dir='ltr'>alterius</span> <span class='ocrx_word' id='word_1_41' title='bbox 701 940 752 990; x_wconf 90' lang='lat' dir='ltr'>ten</span> <span class='ocrx_word' id='word_1_42' title='bbox 774 946 829 993; x_wconf 88' lang='lat' dir='ltr'>ens</span> <span class='ocrx_word' id='word_1_43' title='bbox 846 938 899 990; x_wconf 87' lang='lat' dir='ltr'>tua</span> <span class='ocrx_word' id='word_1_44' title='bbox 918 927 1043 994; x_wconf 88' lang='lat' dir='ltr'>lumina</span> <span class='ocrx_word' id='word_1_45' title='bbox 1066 929 1162 1013; x_wconf 79' lang='lat' dir='ltr'>uren,</span> 
     </span>
    </p>

    <p class='ocr_par' dir='ltr' id='par_1_4' title="bbox 264 1007 1145 1513">
     <span class='ocr_line' id='line_1_8' title="bbox 314 1007 1145 1098; baseline 0.01 -27"><span class='ocrx_word' id='word_1_46' title='bbox 314 1007 382 1073; x_wconf 89' lang='lat' dir='ltr'>iscis</span> <span class='ocrx_word' id='word_1_47' title='bbox 398 1007 497 1075; x_wconf 72' lang='lat' dir='ltr'>adessb</span> <span class='ocrx_word' id='word_1_48' title='bbox 516 1024 617 1096; x_wconf 85' lang='lat' dir='ltr'>mum,</span> <span class='ocrx_word' id='word_1_49' title='bbox 637 1029 768 1093; x_wconf 88' lang='lat' dir='ltr'>propero</span> <span class='ocrx_word' id='word_1_50' title='bbox 792 1030 831 1075; x_wconf 90' lang='lat' dir='ltr'>ue</span> <span class='ocrx_word' id='word_1_51' title='bbox 853 1028 1018 1077; x_wconf 87' lang='lat' dir='ltr'>accurrere</span> <span class='ocrx_word' id='word_1_52' title='bbox 1040 1011 1145 1098; x_wconf 70' lang='lat' dir='ltr'>gressu,</span> 
     </span>
     <span class='ocr_line' id='line_1_9' title="bbox 264 1030 1145 1175; baseline 0.003 -18"><span class='ocrx_word' id='word_1_53' title='bbox 264 1090 549 1175; x_wconf 77' lang='lat' dir='ltr'>,Communemque</span> <span class='ocrx_word' id='word_1_54' title='bbox 569 1093 621 1159; x_wconf 84' lang='lat' dir='ltr'>riui</span> <span class='ocrx_word' id='word_1_55' title='bbox 645 1030 797 1159; x_wconf 53' lang='lat' dir='ltr'>morienii</span> <span class='ocrx_word' id='word_1_56' title='bbox 816 1094 995 1160; x_wconf 81' lang='lat' dir='ltr'>incumbere</span> <span class='ocrx_word' id='word_1_57' title='bbox 1014 1094 1145 1163; x_wconf 87' lang='lat' dir='ltr'>sortem:</span> 
     </span>
     <span class='ocr_line' id='line_1_10' title="bbox 273 1175 1045 1245; baseline 0.004 -3"><span class='ocrx_word' id='word_1_58' title='bbox 273 1176 348 1242; x_wconf 69' lang='lat' dir='ltr'>Huc</span> <span class='ocrx_word' id='word_1_59' title='bbox 367 1175 421 1239; x_wconf 84' lang='lat' dir='ltr'>tibi</span> <span class='ocrx_word' id='word_1_60' title='bbox 439 1181 545 1242; x_wconf 90' lang='lat' dir='ltr'>calcar</span> <span class='ocrx_word' id='word_1_61' title='bbox 567 1178 623 1244; x_wconf 90' lang='lat' dir='ltr'>erit</span> <span class='ocrx_word' id='word_1_62' title='bbox 640 1178 774 1243; x_wconf 86' lang='lat' dir='ltr'>venienti</span> <span class='ocrx_word' id='word_1_63' title='bbox 793 1197 958 1244; x_wconf 86' lang='lat' dir='ltr'>occurrere</span> <span class='ocrx_word' id='word_1_64' title='bbox 974 1178 1045 1245; x_wconf 84' lang='lat' dir='ltr'>sato</span> 
     </span>
     <span class='ocr_line' id='line_1_11' title="bbox 275 1260 1078 1346; baseline 0.002 -18"><span class='ocrx_word' id='word_1_65' title='bbox 275 1260 485 1346; x_wconf 77' lang='lat' dir='ltr'>instimulans,</span> <span class='ocrx_word' id='word_1_66' title='bbox 508 1277 541 1330; x_wconf 93' lang='lat' dir='ltr'>ut</span> <span class='ocrx_word' id='word_1_67' title='bbox 552 1261 629 1327; x_wconf 81' lang='lat' dir='ltr'>edm</span> <span class='ocrx_word' id='word_1_68' title='bbox 644 1261 847 1327; x_wconf 87' lang='lat' dir='ltr'>moribundos</span> <span class='ocrx_word' id='word_1_69' title='bbox 866 1260 977 1327; x_wconf 89' lang='lat' dir='ltr'>deserit</span> <span class='ocrx_word' id='word_1_70' title='bbox 992 1276 1078 1330; x_wconf 83' lang='lat' dir='ltr'>artus</span> 
     </span>
     <span class='ocr_line' id='line_1_12' title="bbox 275 1342 1026 1443; baseline 0.008 -36"><span class='ocrx_word' id='word_1_71' title='bbox 275 1342 438 1429; x_wconf 81' lang='lat' dir='ltr'><strong>Corporis,</strong></span> <span class='ocrx_word' id='word_1_72' title='bbox 459 1360 550 1428; x_wconf 88' lang='lat' dir='ltr'>atque</span> <span class='ocrx_word' id='word_1_73' title='bbox 569 1346 626 1411; x_wconf 89' lang='lat' dir='ltr'>suo</span> <span class='ocrx_word' id='word_1_74' title='bbox 643 1363 751 1411; x_wconf 91' lang='lat' dir='ltr'>coram</span> <span class='ocrx_word' id='word_1_75' title='bbox 769 1345 800 1410; x_wconf 91' lang='lat' dir='ltr'>se</span> <span class='ocrx_word' id='word_1_76' title='bbox 814 1345 922 1443; x_wconf 76' lang='lat' dir='ltr'>judice</span> <span class='ocrx_word' id='word_1_77' title='bbox 939 1344 1026 1433; x_wconf 79' lang='lat' dir='ltr'>sistit,</span> 
     </span>
     <span class='ocr_line' id='line_1_13' title="bbox 273 1424 966 1513; baseline -0.003 -19"><span class='ocrx_word' id='word_1_78' title='bbox 273 1424 416 1512; x_wconf 82' lang='lat' dir='ltr'>Spiritus,</span> <span class='ocrx_word' id='word_1_79' title='bbox 437 1430 538 1495; x_wconf 84' lang='lat' dir='ltr'>eterni</span> <span class='ocrx_word' id='word_1_80' title='bbox 558 1428 676 1513; x_wconf 91' lang='lat' dir='ltr'>superet</span> <span class='ocrx_word' id='word_1_81' title='bbox 694 1429 840 1494; x_wconf 74' lang='lat' dir='ltr'>radiantia</span> <span class='ocrx_word' id='word_1_82' title='bbox 857 1428 966 1494; x_wconf 89' lang='lat' dir='ltr'>mundi</span> 
     </span>
    </p>

    <p class='ocr_par' dir='ltr' id='par_1_5' title="bbox 248 1509 1138 1595">
     <span class='ocr_line' id='line_1_14' title="bbox 248 1509 1138 1595; baseline 0 -17"><span class='ocrx_word' id='word_1_83' title='bbox 248 1519 252 1532; x_wconf 79' lang='lat'><strong><em>‘</em></strong></span> <span class='ocrx_word' id='word_1_84' title='bbox 277 1509 415 1595; x_wconf 83' lang='lat' dir='ltr'>Moenia,</span> <span class='ocrx_word' id='word_1_85' title='bbox 436 1532 493 1576; x_wconf 91' lang='lat' dir='ltr'>nec</span> <span class='ocrx_word' id='word_1_86' title='bbox 513 1512 638 1579; x_wconf 84' lang='lat' dir='ltr'>miseras</span> <span class='ocrx_word' id='word_1_87' title='bbox 661 1512 751 1579; x_wconf 85' lang='lat' dir='ltr'>Erebi</span> <span class='ocrx_word' id='word_1_88' title='bbox 769 1511 934 1579; x_wconf 79' lang='lat' dir='ltr'>descendat</span> <span class='ocrx_word' id='word_1_89' title='bbox 951 1512 992 1577; x_wconf 90' lang='lat' dir='ltr'>ad</span> <span class='ocrx_word' id='word_1_90' title='bbox 1010 1514 1138 1581; x_wconf 87' lang='lat' dir='ltr'>umbras.</span> 
     </span>
    </p>

    <p class='ocr_par' dir='ltr' id='par_1_6' title="bbox 230 1594 1130 2185">
     <span class='ocr_line' id='line_1_15' title="bbox 230 1594 1058 1681; baseline -0.002 -17"><span class='ocrx_word' id='word_1_91' title='bbox 230 1611 250 1678; x_wconf 79' lang='grc'>3</span> <span class='ocrx_word' id='word_1_92' title='bbox 271 1594 324 1664; x_wconf 89' lang='lat' dir='ltr'>Sic</span> <span class='ocrx_word' id='word_1_93' title='bbox 343 1614 469 1679; x_wconf 90' lang='lat' dir='ltr'>quoque</span> <span class='ocrx_word' id='word_1_94' title='bbox 485 1596 590 1662; x_wconf 89' lang='lat' dir='ltr'>sedato</span> <span class='ocrx_word' id='word_1_95' title='bbox 608 1612 778 1681; x_wconf 90' lang='lat' dir='ltr'>conceptus</span> <span class='ocrx_word' id='word_1_96' title='bbox 797 1594 920 1680; x_wconf 69' lang='lat' dir='ltr'>pectore</span> <span class='ocrx_word' id='word_1_97' title='bbox 936 1613 1058 1663; x_wconf 86' lang='lat' dir='ltr'>moeror</span> 
     </span>
     <span class='ocr_line' id='line_1_16' title="bbox 273 1678 1130 1764; baseline -0.001 -21"><span class='ocrx_word' id='word_1_98' title='bbox 273 1679 337 1745; x_wconf 90' lang='lat' dir='ltr'>Pro</span> <span class='ocrx_word' id='word_1_99' title='bbox 353 1681 468 1745; x_wconf 87' lang='lat' dir='ltr'>scelere</span> <span class='ocrx_word' id='word_1_100' title='bbox 484 1680 625 1763; x_wconf 82' lang='lat' dir='ltr'>admiffo,</span> <span class='ocrx_word' id='word_1_101' title='bbox 645 1682 769 1747; x_wconf 88' lang='lat' dir='ltr'>sceleris</span> <span class='ocrx_word' id='word_1_102' title='bbox 788 1700 914 1764; x_wconf 90' lang='lat' dir='ltr'>quoque</span> <span class='ocrx_word' id='word_1_103' title='bbox 931 1696 1025 1745; x_wconf 88' lang='lat' dir='ltr'>cauta</span> <span class='ocrx_word' id='word_1_104' title='bbox 1039 1678 1130 1747; x_wconf 87' lang='lat' dir='ltr'>futuri</span> 
     </span>
     <span class='ocr_line' id='line_1_17' title="bbox 272 1757 1070 1849; baseline 0.005 -21"><span class='ocrx_word' id='word_1_105' title='bbox 272 1757 423 1846; x_wconf 84' lang='lat' dir='ltr'>Tristitia,</span> <span class='ocrx_word' id='word_1_106' title='bbox 442 1763 484 1828; x_wconf 86' lang='lat' dir='ltr'>eil</span> <span class='ocrx_word' id='word_1_107' title='bbox 502 1765 603 1846; x_wconf 90' lang='lat' dir='ltr'>potior</span> <span class='ocrx_word' id='word_1_108' title='bbox 621 1765 681 1830; x_wconf 88' lang='lat' dir='ltr'>risu</span> <span class='ocrx_word' id='word_1_109' title='bbox 699 1764 874 1849; x_wconf 87' lang='lat' dir='ltr'>stolidisque</span> <span class='ocrx_word' id='word_1_110' title='bbox 893 1763 1070 1832; x_wconf 79' lang='lat' dir='ltr'>cachinnis:</span> 
     </span>
     <span class='ocr_line' id='line_1_18' title="bbox 273 1841 1088 1914; baseline 0.001 -2"><span class='ocrx_word' id='word_1_111' title='bbox 273 1841 367 1912; x_wconf 86' lang='lat' dir='ltr'>Talis</span> <span class='ocrx_word' id='word_1_112' title='bbox 384 1847 468 1912; x_wconf 89' lang='lat' dir='ltr'>enim</span> <span class='ocrx_word' id='word_1_113' title='bbox 485 1848 516 1913; x_wconf 90' lang='lat' dir='ltr'>iu</span> <span class='ocrx_word' id='word_1_114' title='bbox 533 1855 622 1913; x_wconf 90' lang='lat' dir='ltr'>vultu</span> <span class='ocrx_word' id='word_1_115' title='bbox 639 1848 770 1914; x_wconf 85' lang='lat' dir='ltr'>refidens</span> <span class='ocrx_word' id='word_1_116' title='bbox 786 1848 877 1912; x_wconf 84' lang='lat' dir='ltr'>dolor</span> <span class='ocrx_word' id='word_1_117' title='bbox 893 1848 991 1912; x_wconf 87' lang='lat' dir='ltr'>efficit</span> <span class='ocrx_word' id='word_1_118' title='bbox 1006 1848 1088 1913; x_wconf 80' lang='lat' dir='ltr'>intus</span> 
     </span>
     <span class='ocr_line' id='line_1_19' title="bbox 273 1929 1083 2015; baseline 0.001 -18"><span class='ocrx_word' id='word_1_119' title='bbox 273 1929 341 1997; x_wconf 91' lang='lat' dir='ltr'>Cor</span> <span class='ocrx_word' id='word_1_120' title='bbox 358 1930 482 2015; x_wconf 91' lang='lat' dir='ltr'>melius,</span> <span class='ocrx_word' id='word_1_121' title='bbox 499 1933 656 2015; x_wconf 22' lang='lat' dir='ltr'>&#39;vanasque</span> <span class='ocrx_word' id='word_1_122' title='bbox 673 1933 720 1995; x_wconf 90' lang='lat' dir='ltr'>abi</span> <span class='ocrx_word' id='word_1_123' title='bbox 744 1933 765 1998; x_wconf 93' lang='lat' dir='ltr'>it</span> <span class='ocrx_word' id='word_1_124' title='bbox 781 1932 820 1995; x_wconf 93' lang='lat' dir='ltr'>de</span> <span class='ocrx_word' id='word_1_125' title='bbox 837 1929 961 2014; x_wconf 65' lang='lat' dir='ltr'>pestere</span> <span class='ocrx_word' id='word_1_126' title='bbox 980 1951 1083 2015; x_wconf 87' lang='lat' dir='ltr'>curas,</span> 
     </span>
     <span class='ocr_line' id='line_1_20' title="bbox 268 1953 1049 2101; baseline -0.003 -21"><span class='ocrx_word' id='word_1_127' title='bbox 268 2015 352 2101; x_wconf 76' lang='lat' dir='ltr'>Qua</span> <span class='ocrx_word' id='word_1_128' title='bbox 368 2014 447 2080; x_wconf 76' lang='lat' dir='ltr'>falsi</span> <span class='ocrx_word' id='word_1_129' title='bbox 465 2015 565 2097; x_wconf 88' lang='lat' dir='ltr'>specie</span> <span class='ocrx_word' id='word_1_130' title='bbox 587 2019 705 2081; x_wconf 88' lang='lat' dir='ltr'>multos</span> <span class='ocrx_word' id='word_1_131' title='bbox 722 1953 752 2081; x_wconf 52' lang='grc' dir='ltr'>ᾗ(</span> <span class='ocrx_word' id='word_1_132' title='bbox 773 2016 911 2080; x_wconf 88' lang='lat' dir='ltr'>inanibus</span> <span class='ocrx_word' id='word_1_133' title='bbox 929 2015 1049 2080; x_wconf 85' lang='lat' dir='ltr'>umbris</span> 
     </span>
     <span class='ocr_line' id='line_1_21' title="bbox 270 2096 1078 2185; baseline -0.005 -20"><span class='ocrx_word' id='word_1_134' title='bbox 270 2097 439 2181; x_wconf 85' lang='lat' dir='ltr'>Alliciuut,</span> <span class='ocrx_word' id='word_1_135' title='bbox 459 2096 607 2180; x_wconf 66' lang='lat' dir='ltr'>reaoque</span> <span class='ocrx_word' id='word_1_136' title='bbox 625 2102 746 2164; x_wconf 90' lang='lat' dir='ltr'>trahunt</span> <span class='ocrx_word' id='word_1_137' title='bbox 764 2098 781 2163; x_wconf 73' lang='lat' dir='ltr'>i</span> <span class='ocrx_word' id='word_1_138' title='bbox 799 2100 918 2165; x_wconf 86' lang='lat' dir='ltr'>tramite</span> <span class='ocrx_word' id='word_1_139' title='bbox 933 2099 1078 2185; x_wconf 75' lang='lat' dir='ltr'>gressum.</span> 
     </span>
    </p>

    <p class='ocr_par' dir='ltr' id='par_1_7' title="bbox 226 2179 1027 2267">
     <span class='ocr_line' id='line_1_22' title="bbox 226 2179 1027 2267; baseline 0.001 -21"><span class='ocrx_word' id='word_1_140' title='bbox 226 2200 247 2265; x_wconf 79' lang='lat'>4</span> <span class='ocrx_word' id='word_1_141' title='bbox 267 2179 398 2247; x_wconf 76' lang='lat' dir='ltr'>Pectora</span> <span class='ocrx_word' id='word_1_142' title='bbox 413 2180 599 2264; x_wconf 86' lang='lat' dir='ltr'>prudentum</span> <span class='ocrx_word' id='word_1_143' title='bbox 616 2203 681 2249; x_wconf 91' lang='lat' dir='ltr'>non</span> <span class='ocrx_word' id='word_1_144' title='bbox 696 2182 766 2247; x_wconf 89' lang='lat' dir='ltr'>sunt</span> <span class='ocrx_word' id='word_1_145' title='bbox 785 2182 885 2249; x_wconf 88' lang='lat' dir='ltr'>aliena</span> <span class='ocrx_word' id='word_1_146' title='bbox 908 2182 1027 2267; x_wconf 92' lang='lat' dir='ltr'>dolori,</span> 
     </span>
    </p>

    <p class='ocr_par' dir='ltr' id='par_1_8' title="bbox 211 2262 1168 2607">
     <span class='ocr_line' id='line_1_23' title="bbox 211 2262 1168 2355; baseline 0.004 -29"><span class='ocrx_word' id='word_1_147' title='bbox 211 2317 215 2326; x_wconf 93' lang='lat'><em>.</em></span> <span class='ocrx_word' id='word_1_148' title='bbox 270 2262 413 2331; x_wconf 85' lang='lat' dir='ltr'>Crimina</span> <span class='ocrx_word' id='word_1_149' title='bbox 429 2264 992 2355; x_wconf 80' lang='lat' dir='ltr'>namcommiffagemunt,&amp;omiila</span> <span class='ocrx_word' id='word_1_150' title='bbox 1004 2264 1168 2334; x_wconf 86' lang='lat' dir='ltr'>tremiscunt</span> 
     </span>
     <span class='ocr_line' id='line_1_24' title="bbox 269 2347 1099 2442; baseline 0 -24"><span class='ocrx_word' id='word_1_151' title='bbox 269 2347 401 2437; x_wconf 83' lang='lat' dir='ltr'>Officia,</span> <span class='ocrx_word' id='word_1_152' title='bbox 413 2349 634 2437; x_wconf 84' lang='lat' dir='ltr'>observantque</span> <span class='ocrx_word' id='word_1_153' title='bbox 650 2352 742 2418; x_wconf 89' lang='lat' dir='ltr'>suum</span> <span class='ocrx_word' id='word_1_154' title='bbox 752 2367 846 2418; x_wconf 89' lang='lat' dir='ltr'>cauto</span> <span class='ocrx_word' id='word_1_155' title='bbox 863 2351 941 2438; x_wconf 89' lang='lat' dir='ltr'>pede</span> <span class='ocrx_word' id='word_1_156' title='bbox 955 2349 1099 2442; x_wconf 76' lang='lat' dir='ltr'>gressum,</span> 
     </span>
     <span class='ocr_line' id='line_1_25' title="bbox 269 2433 1116 2522; baseline 0.002 -21"><span class='ocrx_word' id='word_1_157' title='bbox 269 2433 525 2519; x_wconf 87' lang='lat' dir='ltr'>Perfunduntque</span> <span class='ocrx_word' id='word_1_158' title='bbox 548 2439 620 2504; x_wconf 90' lang='lat' dir='ltr'>suos</span> <span class='ocrx_word' id='word_1_159' title='bbox 639 2437 840 2504; x_wconf 89' lang='lat' dir='ltr'>lacrimarum</span> <span class='ocrx_word' id='word_1_160' title='bbox 858 2436 986 2508; x_wconf 85' lang='lat' dir='ltr'>flumine</span> <span class='ocrx_word' id='word_1_161' title='bbox 1003 2438 1116 2522; x_wconf 85' lang='lat' dir='ltr'>lapsus,</span> 
     </span>
     <span class='ocr_line' id='line_1_26' title="bbox 268 2520 986 2607; baseline 0.001 -20"><span class='ocrx_word' id='word_1_162' title='bbox 268 2520 427 2607; x_wconf 83' lang='lat' dir='ltr'>Signaque</span> <span class='ocrx_word' id='word_1_163' title='bbox 443 2520 538 2588; x_wconf 89' lang='lat' dir='ltr'>divini</span> <span class='ocrx_word' id='word_1_164' title='bbox 557 2522 707 2606; x_wconf 89' lang='lat' dir='ltr'>trepidant</span> <span class='ocrx_word' id='word_1_165' title='bbox 722 2521 846 2607; x_wconf 80' lang='lat' dir='ltr'>pravisa</span> <span class='ocrx_word' id='word_1_166' title='bbox 859 2520 986 2605; x_wconf 86' lang='lat' dir='ltr'>furoris,</span> 
     </span>
    </p>

    <p class='ocr_par' dir='ltr' id='par_1_9' title="bbox 266 2601 1203 2939">
     <span class='ocr_line' id='line_1_27' title="bbox 267 2601 1203 2754; baseline 0.004 -85"><span class='ocrx_word' id='word_1_167' title='bbox 267 2601 311 2670; x_wconf 87' lang='lat' dir='ltr'>Et</span> <span class='ocrx_word' id='word_1_168' title='bbox 326 2606 421 2670; x_wconf 83' lang='lat' dir='ltr'>vitare</span> <span class='ocrx_word' id='word_1_169' title='bbox 437 2623 555 2691; x_wconf 87' lang='lat' dir='ltr'>parant,</span> <span class='ocrx_word' id='word_1_170' title='bbox 568 2607 705 2672; x_wconf 88' lang='lat' dir='ltr'>lacrimis</span> <span class='ocrx_word' id='word_1_171' title='bbox 728 2605 931 2754; x_wconf 54' lang='lat' dir='ltr'>precibusque</span> <span class='ocrx_word' id='word_1_172' title='bbox 947 2603 1093 2689; x_wconf 81' lang='lat' dir='ltr'>proiufis:</span> <span class='ocrx_word' id='word_1_173' title='bbox 1202 2648 1203 2655; x_wconf 24' lang='grc' dir='ltr'><strong>κ</strong></span> 
     </span>
     <span class='ocr_line' id='line_1_28' title="bbox 268 2683 1203 2774; baseline 0.006 -24"><span class='ocrx_word' id='word_1_174' title='bbox 268 2683 400 2753; x_wconf 73' lang='lat' dir='ltr'>Pectora</span> <span class='ocrx_word' id='word_1_175' title='bbox 418 2689 580 2755; x_wconf 86' lang='lat' dir='ltr'>stultorum</span> <span class='ocrx_word' id='word_1_176' title='bbox 600 2690 715 2755; x_wconf 84' lang='lat' dir='ltr'>stolidis</span> <span class='ocrx_word' id='word_1_177' title='bbox 733 2690 803 2754; x_wconf 88' lang='lat' dir='ltr'>sunt</span> <span class='ocrx_word' id='word_1_178' title='bbox 825 2690 863 2753; x_wconf 93' lang='lat' dir='ltr'>de</span> <span class='ocrx_word' id='word_1_179' title='bbox 886 2690 927 2756; x_wconf 88' lang='lat' dir='ltr'>ita</span> <span class='ocrx_word' id='word_1_180' title='bbox 942 2688 1062 2774; x_wconf 86' lang='lat' dir='ltr'>semper</span> <span class='ocrx_word' id='word_1_181' title='bbox 1202 2748 1203 2764; x_wconf 68' lang='grc'>,</span> 
     </span>
     <span class='ocr_line' id='line_1_29' title="bbox 268 2769 1203 2887; baseline 0.004 -51"><span class='ocrx_word' id='word_1_182' title='bbox 268 2769 378 2853; x_wconf 87' lang='lat' dir='ltr'>Atque</span> <span class='ocrx_word' id='word_1_183' title='bbox 393 2771 516 2837; x_wconf 72' lang='lat' dir='ltr'>audine</span> <span class='ocrx_word' id='word_1_184' title='bbox 530 2774 623 2857; x_wconf 85' lang='lat' dir='ltr'>jocis,</span> <span class='ocrx_word' id='word_1_185' title='bbox 643 2774 712 2837; x_wconf 84' lang='lat' dir='ltr'>vitae</span> <span class='ocrx_word' id='word_1_186' title='bbox 729 2773 837 2838; x_wconf 89' lang='lat' dir='ltr'>secura</span> <span class='ocrx_word' id='word_1_187' title='bbox 851 2772 974 2857; x_wconf 74' lang='lat' dir='ltr'>future,</span> <span class='ocrx_word' id='word_1_188' title='bbox 1201 2774 1203 2887; x_wconf 58' lang='lat' dir='ltr'>i</span> 
     </span>
     <span class='ocr_line' id='line_1_30' title="bbox 266 2852 1019 2939; baseline 0.004 -19"><span class='ocrx_word' id='word_1_189' title='bbox 266 2852 320 2933; x_wconf 90' lang='grc' dir='ltr'>(Ο</span> <span class='ocrx_word' id='word_1_190' title='bbox 338 2855 471 2939; x_wconf 83' lang='lat' dir='ltr'>stupori)</span> <span class='ocrx_word' id='word_1_191' title='bbox 495 2857 617 2922; x_wconf 66' lang='lat' dir='ltr'>&amp;mani</span> <span class='ocrx_word' id='word_1_192' title='bbox 628 2872 749 2939; x_wconf 90' lang='lat' dir='ltr'>tempus</span> <span class='ocrx_word' id='word_1_193' title='bbox 767 2857 922 2939; x_wconf 78' lang='lat' dir='ltr'>pretiosius</span> <span class='ocrx_word' id='word_1_194' title='bbox 940 2877 1019 2923; x_wconf 87' lang='lat' dir='ltr'>auro</span> 
     </span>
    </p>

    <p class='ocr_par' dir='ltr' id='par_1_10' title="bbox 267 2937 965 3028">
     <span class='ocr_line' id='line_1_31' title="bbox 267 2937 965 3028; baseline 0 -24"><span class='ocrx_word' id='word_1_195' title='bbox 267 2937 388 3019; x_wconf 63' lang='lat' dir='ltr'>Latini</span> <span class='ocrx_word' id='word_1_196' title='bbox 406 2939 546 3023; x_wconf 89' lang='lat' dir='ltr'>ludisque</span> <span class='ocrx_word' id='word_1_197' title='bbox 563 2954 675 3024; x_wconf 89' lang='lat' dir='ltr'>terunt,</span> <span class='ocrx_word' id='word_1_198' title='bbox 696 2958 831 3007; x_wconf 86' lang='lat' dir='ltr'>maerore</span> <span class='ocrx_word' id='word_1_199' title='bbox 845 2941 965 3028; x_wconf 80' lang='lat' dir='ltr'>fugato.</span> 
     </span>
    </p>

    <p class='ocr_par' dir='ltr' id='par_1_11' title="bbox 222 3020 1203 3108">
     <span class='ocr_line' id='line_1_32' title="bbox 222 3020 1203 3108; baseline 0.007 -20"><span class='ocrx_word' id='word_1_200' title='bbox 222 3036 243 3098; x_wconf 86' lang='lat'><em>5</em></span> <span class='ocrx_word' id='word_1_201' title='bbox 264 3020 315 3088; x_wconf 86' lang='lat' dir='ltr'>Est</span> <span class='ocrx_word' id='word_1_202' title='bbox 333 3022 422 3090; x_wconf 88' lang='lat' dir='ltr'>satius</span> <span class='ocrx_word' id='word_1_203' title='bbox 440 3025 575 3090; x_wconf 88' lang='lat' dir='ltr'>monitus</span> <span class='ocrx_word' id='word_1_204' title='bbox 594 3024 765 3108; x_wconf 90' lang='lat' dir='ltr'>sapientum</span> <span class='ocrx_word' id='word_1_205' title='bbox 785 3024 890 3089; x_wconf 89' lang='lat' dir='ltr'>audire</span> <span class='ocrx_word' id='word_1_206' title='bbox 911 3023 1059 3105; x_wconf 85' lang='lat' dir='ltr'>salubres,</span> <span class='ocrx_word' id='word_1_207' title='bbox 1182 3052 1203 3095; x_wconf 68' lang='lat' dir='ltr'>a</span> 
     </span>
    </p>

    <p class='ocr_par' dir='ltr' id='par_1_12' title="bbox 296 3104 1089 3193">
     <span class='ocr_line' id='line_1_33' title="bbox 296 3104 1089 3193; baseline 0.004 -22"><span class='ocrx_word' id='word_1_208' title='bbox 296 3104 413 3172; x_wconf 74' lang='lat' dir='ltr'>mmrris</span> <span class='ocrx_word' id='word_1_209' title='bbox 431 3108 610 3191; x_wconf 85' lang='lat' dir='ltr'>increpitent</span> <span class='ocrx_word' id='word_1_210' title='bbox 626 3125 744 3173; x_wconf 91' lang='lat' dir='ltr'>vocum</span> <span class='ocrx_word' id='word_1_211' title='bbox 761 3108 915 3190; x_wconf 90' lang='lat' dir='ltr'>asperitate</span> <span class='ocrx_word' id='word_1_212' title='bbox 933 3105 1089 3193; x_wconf 71' lang='lat' dir='ltr'>protervi,</span> 
     </span>
    </p>

    <p class='ocr_par' dir='ltr' id='par_1_13' title="bbox 225 3188 1143 3359">
     <span class='ocr_line' id='line_1_34' title="bbox 225 3188 1042 3279; baseline 0.004 -26"><span class='ocrx_word' id='word_1_213' title='bbox 225 3220 229 3229; x_wconf 87' lang='lat'><em>·</em></span> <span class='ocrx_word' id='word_1_214' title='bbox 297 3188 369 3254; x_wconf 71' lang='lat' dir='ltr'>uam</span> <span class='ocrx_word' id='word_1_215' title='bbox 385 3191 583 3272; x_wconf 77' lang='lat' dir='ltr'>parasitorum</span> <span class='ocrx_word' id='word_1_216' title='bbox 601 3192 720 3255; x_wconf 79' lang='lat' dir='ltr'>blanda</span> <span class='ocrx_word' id='word_1_217' title='bbox 740 3191 898 3256; x_wconf 85' lang='lat' dir='ltr'>confidere</span> <span class='ocrx_word' id='word_1_218' title='bbox 917 3194 1042 3279; x_wconf 76' lang='lat' dir='ltr'>lingue,</span> 
     </span>
     <span class='ocr_line' id='line_1_35' title="bbox 259 3271 1143 3359; baseline 0.001 -21"><span class='ocrx_word' id='word_1_219' title='bbox 259 3271 376 3339; x_wconf 82' lang='lat' dir='ltr'>Fistula</span> <span class='ocrx_word' id='word_1_220' title='bbox 392 3273 489 3339; x_wconf 72' lang='lat' dir='ltr'>dulce</span> <span class='ocrx_word' id='word_1_221' title='bbox 501 3275 594 3358; x_wconf 89' lang='lat' dir='ltr'>canit,</span> <span class='ocrx_word' id='word_1_222' title='bbox 615 3279 780 3338; x_wconf 89' lang='lat' dir='ltr'>volucrem</span> <span class='ocrx_word' id='word_1_223' title='bbox 797 3274 873 3339; x_wconf 94' lang='lat' dir='ltr'>dum</span> <span class='ocrx_word' id='word_1_224' title='bbox 888 3275 1004 3359; x_wconf 86' lang='lat' dir='ltr'>decipit</span> <span class='ocrx_word' id='word_1_225' title='bbox 1021 3284 1143 3359; x_wconf 73' lang='lat' dir='ltr'>auceps:</span> 
     </span>
    </p>

    <p class='ocr_par' dir='ltr' id='par_1_14' title="bbox 219 3353 1167 3777">
     <span class='ocr_line' id='line_1_36' title="bbox 219 3353 998 3442; baseline 0 -20"><span class='ocrx_word' id='word_1_226' title='bbox 219 3353 242 3417; x_wconf 87' lang='lat'>6</span> <span class='ocrx_word' id='word_1_227' title='bbox 261 3356 435 3442; x_wconf 86' lang='lat' dir='ltr'>Spinarum,</span> <span class='ocrx_word' id='word_1_228' title='bbox 452 3362 507 3425; x_wconf 83' lang='lat' dir='ltr'>en!</span> <span class='ocrx_word' id='word_1_229' title='bbox 526 3358 620 3424; x_wconf 89' lang='lat' dir='ltr'>veluti</span> <span class='ocrx_word' id='word_1_230' title='bbox 641 3358 732 3422; x_wconf 85' lang='lat' dir='ltr'>coitis</span> <span class='ocrx_word' id='word_1_231' title='bbox 749 3358 891 3424; x_wconf 87' lang='lat' dir='ltr'>undantis</span> <span class='ocrx_word' id='word_1_232' title='bbox 909 3358 998 3424; x_wconf 87' lang='lat' dir='ltr'>aheni</span> 
     </span>
     <span class='ocr_line' id='line_1_37' title="bbox 260 3440 1027 3529; baseline 0.003 -23"><span class='ocrx_word' id='word_1_233' title='bbox 260 3440 391 3508; x_wconf 86' lang='lat' dir='ltr'>Subdita</span> <span class='ocrx_word' id='word_1_234' title='bbox 407 3443 565 3529; x_wconf 82' lang='lat' dir='ltr'>congeries</span> <span class='ocrx_word' id='word_1_235' title='bbox 586 3443 781 3506; x_wconf 88' lang='lat' dir='ltr'>flammarum</span> <span class='ocrx_word' id='word_1_236' title='bbox 804 3444 876 3508; x_wconf 86' lang='lat' dir='ltr'>luce</span> <span class='ocrx_word' id='word_1_237' title='bbox 894 3441 1027 3509; x_wconf 64' lang='lat' dir='ltr'>corusca</span> 
     </span>
     <span class='ocr_line' id='line_1_38' title="bbox 259 3523 1045 3611; baseline 0 -21"><span class='ocrx_word' id='word_1_238' title='bbox 259 3523 385 3610; x_wconf 83' lang='lat' dir='ltr'>Fulget,</span> <span class='ocrx_word' id='word_1_239' title='bbox 401 3526 559 3611; x_wconf 79' lang='lat' dir='ltr'>&amp;ingenti</span> <span class='ocrx_word' id='word_1_240' title='bbox 577 3524 697 3607; x_wconf 83' lang='lat' dir='ltr'>strepitu</span> <span class='ocrx_word' id='word_1_241' title='bbox 713 3524 784 3590; x_wconf 88' lang='lat' dir='ltr'>ferit</span> <span class='ocrx_word' id='word_1_242' title='bbox 801 3529 883 3606; x_wconf 87' lang='lat' dir='ltr'>a&#39;e&#39;ra,</span> <span class='ocrx_word' id='word_1_243' title='bbox 903 3524 956 3591; x_wconf 88' lang='lat' dir='ltr'>sed</span> <span class='ocrx_word' id='word_1_244' title='bbox 969 3544 1045 3591; x_wconf 81' lang='lat' dir='ltr'>mox</span> 
     </span>
     <span class='ocr_line' id='line_1_39' title="bbox 257 3607 1133 3691; baseline -0.006 -16"><span class='ocrx_word' id='word_1_245' title='bbox 257 3608 404 3675; x_wconf 86' lang='lat' dir='ltr'>Flamma</span> <span class='ocrx_word' id='word_1_246' title='bbox 424 3609 511 3673; x_wconf 79' lang='lat' dir='ltr'>simul</span> <span class='ocrx_word' id='word_1_247' title='bbox 531 3607 728 3691; x_wconf 80' lang='lat' dir='ltr'>strepitusque</span> <span class='ocrx_word' id='word_1_248' title='bbox 746 3610 842 3691; x_wconf 83' lang='lat' dir='ltr'>perit3</span> <span class='ocrx_word' id='word_1_249' title='bbox 865 3610 905 3675; x_wconf 82' lang='lat' dir='ltr'>irc</span> <span class='ocrx_word' id='word_1_250' title='bbox 920 3609 1034 3691; x_wconf 79' lang='lat' dir='ltr'>gaudia</span> <span class='ocrx_word' id='word_1_251' title='bbox 1053 3607 1133 3675; x_wconf 81' lang='lat' dir='ltr'>stulti</span> 
     </span>
     <span class='ocr_line' id='line_1_40' title="bbox 256 3691 1167 3777; baseline -0.003 -18"><span class='ocrx_word' id='word_1_252' title='bbox 256 3691 327 3759; x_wconf 91' lang='lat' dir='ltr'>Ora</span> <span class='ocrx_word' id='word_1_253' title='bbox 341 3693 490 3775; x_wconf 88' lang='lat' dir='ltr'>auresque</span> <span class='ocrx_word' id='word_1_254' title='bbox 507 3693 627 3758; x_wconf 89' lang='lat' dir='ltr'>trahunt</span> <span class='ocrx_word' id='word_1_255' title='bbox 644 3693 816 3776; x_wconf 88' lang='lat' dir='ltr'>hominum,</span> <span class='ocrx_word' id='word_1_256' title='bbox 827 3713 902 3758; x_wconf 83' lang='lat' dir='ltr'>mort</span> <span class='ocrx_word' id='word_1_257' title='bbox 919 3693 1004 3776; x_wconf 87' lang='lat' dir='ltr'>lapsa</span> <span class='ocrx_word' id='word_1_258' title='bbox 1014 3712 1068 3777; x_wconf 85' lang='lat' dir='ltr'>per</span> <span class='ocrx_word' id='word_1_259' title='bbox 1087 3707 1167 3756; x_wconf 83' lang='lat' dir='ltr'>auras</span> 
     </span>
    </p>

    <p class='ocr_par' dir='ltr' id='par_1_15' title="bbox 253 3774 1073 3942">
     <span class='ocr_line' id='line_1_41' title="bbox 253 3774 981 3864; baseline 0.003 -23"><span class='ocrx_word' id='word_1_260' title='bbox 253 3774 434 3864; x_wconf 85' lang='lat' dir='ltr'>Diffugiunt</span> <span class='ocrx_word' id='word_1_261' title='bbox 464 3779 494 3844; x_wconf 83' lang='lat' dir='ltr'>dt</span> <span class='ocrx_word' id='word_1_262' title='bbox 512 3779 598 3844; x_wconf 90' lang='lat' dir='ltr'>nulla</span> <span class='ocrx_word' id='word_1_263' title='bbox 616 3776 660 3841; x_wconf 89' lang='lat' dir='ltr'>sui</span> <span class='ocrx_word' id='word_1_264' title='bbox 677 3778 798 3863; x_wconf 80' lang='lat' dir='ltr'>vestigia</span> <span class='ocrx_word' id='word_1_265' title='bbox 815 3778 981 3860; x_wconf 90' lang='lat' dir='ltr'>linquunt:</span> 
     </span>
     <span class='ocr_line' id='line_1_42' title="bbox 254 3827 1073 3942; baseline 0.005 -19"><span class='ocrx_word' id='word_1_266' title='bbox 254 3857 288 3923; x_wconf 90' lang='grc' dir='ltr'>Ο</span> <span class='ocrx_word' id='word_1_267' title='bbox 307 3863 404 3928; x_wconf 80' lang='lat' dir='ltr'>fluxa!</span> <span class='ocrx_word' id='word_1_268' title='bbox 427 3827 576 3928; x_wconf 73' lang='lat' dir='ltr'>bbrevis!</span> <span class='ocrx_word' id='word_1_269' title='bbox 598 3860 747 3927; x_wconf 82' lang='lat' dir='ltr'>&amp;subitb</span> <span class='ocrx_word' id='word_1_270' title='bbox 759 3861 889 3942; x_wconf 89' lang='lat' dir='ltr'>peritura</span> <span class='ocrx_word' id='word_1_271' title='bbox 906 3863 1073 3942; x_wconf 85' lang='lat' dir='ltr'>voluptas!</span> 
     </span>
    </p>
   </div>
   <div class='ocr_carea' id='block_1_3' title="bbox 212 3940 1168 4093">
    <p class='ocr_par' dir='ltr' id='par_1_16' title="bbox 212 3940 1168 4093">
     <span class='ocr_line' id='line_1_43' title="bbox 212 3940 1168 4093; baseline -0.002 -81"><span class='ocrx_word' id='word_1_272' title='bbox 212 3953 232 4030; x_wconf 86' lang='lat'>7</span> <span class='ocrx_word' id='word_1_273' title='bbox 253 3940 287 4012; x_wconf 88' lang='lat' dir='ltr'>Si</span> <span class='ocrx_word' id='word_1_274' title='bbox 300 3945 404 4030; x_wconf 87' lang='lat' dir='ltr'>jaceat</span> <span class='ocrx_word' id='word_1_275' title='bbox 418 3945 534 4032; x_wconf 89' lang='lat' dir='ltr'>sapiens</span> <span class='ocrx_word' id='word_1_276' title='bbox 553 3944 652 4014; x_wconf 73' lang='lat' dir='ltr'>mmio</span> <span class='ocrx_word' id='word_1_277' title='bbox 674 3944 730 4011; x_wconf 90' lang='lat' dir='ltr'>sub</span> <span class='ocrx_word' id='word_1_278' title='bbox 745 3944 879 4034; x_wconf 87' lang='lat' dir='ltr'>pondere</span> <span class='ocrx_word' id='word_1_279' title='bbox 892 3942 1021 4032; x_wconf 82' lang='lat' dir='ltr'>pressus,</span> <span class='ocrx_word' id='word_1_280' title='bbox 1093 4019 1168 4093; x_wconf 26' lang='lat' dir='ltr'><strong>&#39;De‘</strong></span> 
     </span>
    </p>
   </div>
   <div class='ocr_carea' id='block_1_4' title="bbox 0 0 1400 4800">
    <p class='ocr_par' dir='ltr' id='par_1_17' title="bbox 0 0 1400 4800">
     <span class='ocr_line' id='line_1_44' title="bbox 0 0 1400 4800; baseline 0 0"><span class='ocrx_word' id='word_1_281' title='bbox 0 0 1400 4800; x_wconf 95' lang='lat' dir='ltr'> </span> 
     </span>
    </p>
   </div>
  </div>
 </body>
</html>
