2792 4800
189 440 267 517 4¹0
429 406 936 489 reconstruere

256 548 347 637 sepe
368 549 467 617 modo
483 552 572 618 simili
590 567 642 619 tua
659 567 688 619 te
704 570 794 621 tuens
814 555 943 621 conscia
957 558 1052 627 novit
1164 612 1167 619 .

255 635 424 705 Devoviffe
442 637 573 721 alios,&
596 638 710 703 eodem
728 640 858 704 crimine
874 642 1007 708 damnat
1026 665 1038 708 t
1113 655 1115 660 '

257 722 326 793 Cur
342 722 477 787 aliorum
489 742 521 785 er
543 725 563 785 ὸ
581 722 613 786 in
628 722 709 787 vitiis
728 738 793 787 tam
812 726 912 790 cernis
932 727 1091 792 acutum?
1116 801 1118 805 ,

196 826 236 892 23
258 805 383 873 Gunela
402 808 465 869 haec
484 744 545 887 ipi:
562 807 708 888 equidem
725 808 824 872 studio
843 810 992 890 prudente
1008 812 1136 879 notut’i':¹

258 888 357 957 Tunc
375 895 434 975 ego
451 892 535 954 celsa
552 905 622 973 tuce,
641 890 716 972 dixi,
734 892 899 973 sapientia!
922 895 1003 958 sedis

258 975 409 1040 Culmina
426 976 622 1058 contingam:
650 974 704 1037 seo
720 993 771 1037 me
791 994 879 1041 mens
896 996 975 1042 vana
991 975 1116 1044 fefellit.

197 1077 238 1144 24
259 1059 340 1209 ssuis
356 1057 484 1139 reperire
501 1071 587 1122 tuam
604 1058 684 1140 potis
703 1059 745 1123 esi
764 1059 906 1144 indagine
928 1060 1050 1146 sedem,
1155 1132 1159 1143 ,

295 1162 347 1206 atn
362 1140 451 1208 vallis
468 1140 631 1206 hominurn
646 1141 759 1225 spatiis,
778 1161 846 1224 qua
863 1161 953 1229 gente
965 1161 1087 1211 remota
1103 1146 1147 1211 et?

131 1280 135 1293 .
197 1246 238 1311 25
258 1226 321 1295 Sed
337 1225 412 1290 licet
421 1224 559 1290 obscuris
577 1227 691 1290 lateant
706 1239 753 1312 tot
770 1227 874 1293 clausa
891 1227 946 1293 sub
966 1231 1097 1313 umbris,

166 1347 173 1358 =
260 1308 342 1376 Non
359 1324 463 1374 tamen
481 1309 764 1393 abjiciomentem,
785 1310 956 1377 studiumve
975 1315 1126 1397 relinquo,
1147 1350 1151 1359 ·

261 1392 424 1459 Nobilitas
440 1392 589 1479 generosa·
602 1393 696 1459 animi
714 1413 778 1458 non
794 1392 893 1460 frasta
909 1398 1011 1462 labori

259 1476 446 1559 Succubuit,
459 1476 581 1542 ceffitve
596 1477 686 1547 malis
703 1498 711 1542 ε
731 1477 871 1560 mysteria
887 1498 992 1544 rerum

261 1562 366 1648 Pergit
384 1562 574 1628 &occultas
592 1559 681 1625 avide
699 1564 872 1643 perquirere
890 1564 1023 1649 caussas,
1080 1613 1085 1621 .

265 1648 454 1731 Quantaque
471 1644 633 1708 stultorum
649 1659 751 1710 teneat
772 1645 893 1710 vesania
909 1663 1056 1731 mentes,

215 1785 220 1802 ,
265 1731 503 1809 inflammetque
518 1728 639 1793 animos
651 1726 719 1791 dito
737 1729 899 1810 impietatis
922 1748 1061 1800 amore.··

203 1813 246 1883 26
264 1810 355 1879 Tum
375 1808 453 1877 vero
469 1811 680 1876 inventurnest
693 1812 810 1893 aliquid
827 1814 902 1875 milri
919 1829 1022 1880 morte
1030 1815 1082 1881 ,vel
1097 1812 1149 1897 ipsi

265 1897 292 1964 F
295 1896 365 1961 ellit
380 1897 488 1960 habete
503 1896 613 1979 magis,
633 1895 756 1979 mulier,
772 1915 841 1977 qua
856 1897 987 1962 subdola
1010 1896 1103 1966 corde
1121 1898 1163 1980 el,

266 1979 488 2061 Blanditiisque
503 1979 566 2043 suis
582 1979 711 2061 juvenili
730 1980 807 2050 retia,
820 1981 914 2045 turbo

272 2064 397 2147 Sternit,
419 2064 449 2129 dt
467 2064 498 2129 in
510 2068 637 2142 laqueos
656 2063 805 2127 miserum-
818 2062 938 2131 seducit
955 2080 1120 2151 amantem,

273 2145 447 2212 seductum
464 2148 555 2227 capit,
574 2163 698 2226 captum
711 2166 836 2228 quoque
852 2148 988 2215 detinet:
1010 2149 1098 2217 illam

273 2230 427 2315 Effugiet,
444 2229 535 2311 cujus
553 2226 683 2293 Domini
702 2232 870 2295 reverentia
886 2230 993 2313 pestus

275 2315 404 2399 Incolit,
424 2314 466 2378 ast
484 2314 529 2375 illi
552 2313 717 2377 sceleratus
740 2316 840 2395 praeda
853 2313 1033 2382 futuraest:

274 2402 372 2467 Hunc
390 2397 557 2463 meretricis
573 2416 661 2460 amor
675 2397 788 2462 vinclis
805 2400 983 2483 constringit
1007 2401 1118 2483 ahenis,

278 2485 441 2564 Stultaque
457 2483 615 2567 mellifluis
634 2482 766 2562 captivat
783 2482 908 2566 penora
923 2482 1025 2549 diuis.
1125 2481 1127 2485 ’

211 2587 250 2653 ²7
272 2572 345 2632 lloc
365 2587 491 2647 quoque
506 2580 701 2646 compertum
719 2568 760 2630 est
781 2567 923 2632 scrutanti
942 2569 1059 2653 fingula
1074 2583 1175 2647 retum,

274 2650 490 2729 Lustrantiqne
507 2652 608 2713 ocul-is
632 2650 739 2734 palsrrn
756 2653 899 2714 mortalia
921 2652 1003 2734 fixis,

211 2737 253 2806 28
276 2734 327 2799 Ut
345 2751 509 2796 numerum
526 2731 654 2812 reperire
671 2752 795 2813 queam,
812 2754 907 2814 quern
930 2756 1064 2817 quaetere
1082 2731 1178 2816 persto,

280 2816 426 2897 (Dixerat
443 2815 631 2895 admonitor)
653 2815 705 2877 sed
725 2817 824 2880 adlruc
845 2836 932 2883 mens
951 2818 1057 2884 nescia
1072 2817 1132 2883 veti
1210 2858 1211 2885 r

279 2904 396 2984 Haeret,
413 2901 442 2965 ἃ
461 2901 606 2985 ambiguo
624 2898 752 2980 trepidat
769 2901 915 2967 sententia
933 2918 1036 2988 motu,
1210 2974 1211 2981 ,

283 2985 400 3052 Unum
423 2985 453 3047 in
471 2984 559 3047 tuille
576 2982 650 3047 viris
673 2983 811 3064 aliquem
829 2987 1019 3068 quandoque
1035 2987 1144 3069 notavi,

282 3069 413 3133 Pectore
430 3055 592 3148 smceruin,
610 3067 639 3130 dt
654 3087 732 3145 vera
750 3069 866 3148 pietatis
884 3087 1057 3153 amantem,

282 3152 347 3218 Sed
363 3172 427 3214 non
443 3150 582 3215 feminea
599 3149 672 3212 mihi
688 3167 774 3215 tanto
791 3172 827 3216 ex
849 3155 971 3238 agmine
986 3158 1083 3220 turbu

284 3234 396 3302 Unica
414 3234 476 3298 visa
493 3233 563 3317 fuit,
584 3235 697 3299 fircera
716 3236 838 3317 praedita
853 3253 969 3322 mente,

285 3321 397 3385 lntima
414 3319 508 3382 corda
524 3338 631 3403 gerens
650 3319 769 3382 blanda
788 3320 963 3385 conformia
979 3322 1104 3408 lingua.

216 3422 257 3490 29
276 3400 356 3467 Non
367 3403 489 3485 possum
499 3402 831 3466 innumerauscelcrum
839 3406 1181 3487 comprendereformas‚

278 3485 500 3567 Nequitiaeque
516 3485 628 3549 modos
645 3488 758 3569 varios,
777 3486 954 3569 fraudisque
972 3492 1133 3576 malignae3

278 3574 354 3639 Hoc
373 3567 457 3633 certe
477 3571 615 3633 humana
633 3569 730 3634 vincit
745 3573 909 3635 molimina
929 3576 1065 3640 mentis:

164 3661 166 3666 ’
279 3659 354 3741 Qua
369 3669 473 3718 tamen
491 3654 554 3716 haec
574 3654 670 3735 prima
687 3655 809 3720 veniant
826 3657 864 3718 ab
882 3655 1011 3741 origine,
1036 3657 1151 3723 nostros

277 3740 405 3806 Eminet
416 3753 484 3802 ante
501 3741 613 3802 oculos
631 3736 794 3802 manifesto
807 3741 837 3803 in
850 3740 983 3822 lumine,
1002 3742 1113 3807 serrum

280 3824 370 3888 Fecit
387 3837 552 3903 utrumque
565 3819 654 3886 Deus
672 3821 864 3904 renumque,
876 3824 905 3888 ἃ
919 3824 1051 3892 crimine
1067 3839 1185 3911 putum:

281 3907 390 3971 Ambo
403 3923 509 3973 tamen
527 3906 627 3970 subito
644 3906 730 3971 resto
746 3907 784 3968 de
796 3909 915 3971 tramite
925 3906 1041 3990 gressus

279 3986 446 4058 Deflexdte
463 3989 546 4074 suos,
564 3989 671 4076 Stygio
687 3990 831 4073 serpentis
847 3993 885 4055 ab
901 3992 966 4059 astu

1146 4070 1188 4141 Se·
