2792 4800
213 433 366 522 224¹
580 417 863 527 JOBI

221 560 356 631 Siccine
365 575 441 626 enar
459 555 515 623 tibi
531 559 585 644 en,
605 561 749 646 ambages
763 560 886 628 rrebiere
898 561 1047 636 frauduni

222 649 377 730 Innocuo,
397 642 588 728 proprioque
605 644 746 725 efficium
763 666 891 713 munere
906 648 1019 718 dextra

220 728 351 802 Perdere
368 735 462 811 opor,
477 729 649 824 pravosque
667 730 744 796 inter
761 731 815 803 tibi
832 732 936 797 nobile
951 748 1055 803 coetu'r

219 811 364 896 Nomen,
385 814 414 880 be
433 813 568 899 egregiae
584 815 645 878 boc
661 816 755 897 pallo
768 816 927 899 acquirere
943 821 1074 887 lauder?
1166 841 1169 846 ·

223 896 318 963 Num
331 898 387 964 tibi
404 918 472 980 qua
490 897 640 964 humanae
657 899 818 965 obducunt
835 900 941 965 nubila
954 921 1088 990 menter,

222 981 381 1050 Mortales
397 984 536 1046 hebetant
553 984 685 1047 oculor?
705 1002 783 1048 nom
798 999 938 1066 tempora
951 988 1035 1074 vire,

221 1066 328 1148 Atque
345 1066 388 1130 rui
407 1065 496 1130 fluxio
511 1065 679 1131 decurrunt
697 1069 848 1132 mensibus
864 1069 948 1151 anni,

219 1151 257 1217 In
274 1150 406 1214 nostram
424 1164 456 1213 ut
473 1148 580 1231 vitam,
602 1152 630 1213 br
648 1166 777 1232 peccata
792 1152 944 1232 inquirere
958 1172 1065 1240 pergat

217 1234 364 1316 Sedulus,
385 1233 415 1298 ἃ
433 1232 533 1315 poenir
550 1233 702 1298 insontem
718 1236 849 1317 affligere
866 1239 983 1301 tentes?

219 1314 301 1383 Non
318 1318 420 1402 ignota
437 1316 490 1380 tibi
508 1316 549 1381 eli
565 1318 657 1399 pietas
674 1336 754 1400 mea,
776 1338 834 1381 nec
851 1332 956 1384 tamen
975 1320 1109 1405 usquam

219 1400 365 1484 Apparet,
384 1416 501 1464 tauram
516 1402 628 1464 vindex
649 1402 701 1482 qui
719 1401 858 1467 averterit
875 1402 963 1466 iram⁴

220 1484 288 1550 Cur
308 1503 359 1547 mc
377 1484 535 1567 disperdis,
554 1485 680 1567 propria
697 1484 843 1567 plantaria
860 1485 983 1570 dextra,

217 1571 386 1720 guemque
402 1582 461 1631 tuae
479 1567 639 1648 quondam
656 1568 734 1633 miri
751 1567 882 1634 feliciter
897 1584 960 1634 arte

260 1652 374 1732 ndique
391 1648 548 1732 perfecere
564 1654 694 1716 manus?
716 1652 790 1733 quin
807 1666 910 1718 mente
925 1653 1059 1720 revolvis

221 1736 274 1803 Ut
290 1734 390 1821 generi
407 1736 544 1799 humano
561 1733 676 1799 limosae
694 1734 712 1799 ὲ
729 1738 855 1819 pulvere
871 1751 956 1801 terra

216 1819 359 1902 Corpora
377 1818 496 1901 limasti,
517 1833 612 1899 utque
628 1822 739 1883 iterum
755 1820 893 1900 collapsa
910 1820 1053 1885 redibunt

217 1906 255 1970 ln
272 1905 401 1986 cineres,
419 1902 538 1989 generis
555 1903 714 1983 quondam
730 1903 895 1985 primordia
912 1905 1024 1971 nostri?

215 1985 310 2053 Num
324 2006 376 2050 me
392 2007 451 2050 ceu
467 1987 546 2051 nivei
565 1983 713 2050 libamina
728 1985 838 2051 mollia
856 1985 942 2053 labiis
1187 2027 1200 2063 r

217 2071 332 2139 Fudisti
350 2072 381 2134 in
396 2071 502 2135 matria
516 2068 689 2167 gremium?
710 2089 787 2135 num
803 2070 909 2136 caseus
929 2085 963 2135 ut
978 2072 1015 2137 fit
1067 2093 1070 2113 ¹

215 2155 373 2237 Musteus,
394 2153 474 2217 haud
493 2159 581 2218 aliter
598 2154 697 2235 tepidi
715 2155 932 2219 concrevimus
949 2155 1043 2220 alvo?

215 2238 309 2305 Num
323 2235 570 2320 superindoelam
587 2258 637 2319 per
656 2255 685 2302 te
703 2239 782 2302 cutis
797 2238 880 2301 arida
898 2256 1043 2303 carnem
1153 2270 1155 2274 ¹

213 2323 334 2408 veniit,
354 2324 467 2388 &toto
481 2321 625 2385 distentor
644 2342 773 2404 corpore
791 2341 912 2405 nervos,

217 2407 355 2489 Ossaque
369 2404 506 2470 formisti
522 2404 635 2470 solidas
654 2406 806 2470 firmantia
821 2407 920 2470 vires?

217 2491 440 2571 AEthereosque
452 2490 571 2556 haustus
589 2508 713 2572 corpus,
729 2511 767 2554 ne
782 2487 914 2553 informe
927 2491 1056 2576 jaceret,

216 2574 355 2641 Naribus
373 2575 492 2654 accepit
509 2574 659 2658 generoso
676 2574 793 2638 semina
809 2574 897 2637 vita?

213 2658 310 2745 Quod
324 2658 408 2734 vivo,
429 2657 598 2740 &vegetor
619 2657 703 2737 quod
720 2658 837 2740 spiritus
854 2660 909 2721 hos
926 2655 1001 2744 regit
1017 2672 1115 2747 artur,

172 2798 174 2803 ⁴
213 2745 290 2812 Sola
306 2758 358 2806 tua
375 2740 416 2804 est
431 2739 561 2823 bonitas,
583 2738 735 2805 Domine!
758 2742 788 2804 ἃ
804 2742 969 2808 clementia
983 2742 1062 2808 sola.
1104 2752 1106 2757 “

260 2830 389 2904 Interea,
409 2837 509 2887 tantos
527 2828 657 2888 occulto
673 2824 767 2888 corde
784 2824 909 2889 dolores

216 2909 332 2981 Celasti
347 2922 463 2990 tecum,
483 2927 541 2970 nec
559 2925 610 2970 me
627 2907 774 2972 sententia
789 2906 881 2971 fallit.

215 2992 309 3059 Num
326 2991 445 3074 quoties
463 3009 574 3073 pecc-o,
594 2989 724 3053 memori
741 3009 811 3053 mea
827 2989 957 3055 crimina
970 2991 1092 3076 semper

212 3077 326 3146 Mente
342 3089 440 3157 notas,
461 3094 518 3136 nec
536 3092 588 3137 me
603 3071 720 3138 deliclo
736 3074 893 3137 absolvere
910 3077 1020 3141 curas?

215 3163 274 3229 Vre
290 3159 380 3240 milri,-
396 3159 416 3222 fi
433 3156 502 3220 vita
516 3155 606 3221 fuero
622 3158 760 3239 perversa
774 3160 931 3239 sequutus,

215 3242 297 3310 Non
313 3238 437 3325 impune
453 3237 566 3308 feram:
588 3242 631 3304 lin
651 3241 715 3324 ipso
733 3242 853 3306 tramite
867 3240 941 3308 reati

212 3331 251 3397 ln
286 3329 380 3412 ediar,
400 3344 462 3390 non
480 3328 580 3389 ullam
596 3325 692 3389 ansam
708 3326 824 3407 sperare
841 3324 986 3409 salutem,

214 3349 375 3478 NfeTmala
388 3423 472 3474 tanta
487 3423 639 3491 premunt,
659 3424 705 3474 tot
722 3424 831 3473 vexant
846 3409 982 3489 undique
998 3410 1119 3478 cladem

210 3494 304 3563 Nam
317 3494 412 3559 veluti
429 3491 552 3556 rabidus
566 3512 679 3574 pecora
694 3491 771 3557 inter
789 3491 893 3558 inertia
910 3492 1003 3580 saevit,

214 3579 355 3664 ingluvie
374 3577 555 3656 stimulante,
578 3579 645 3655 leo;
667 3577 706 3639 fic
725 3576 811 3640 irruis
830 3576 861 3640 in
878 3594 930 3638 me

211 3662 336 3744 Hostili,
356 3658 460 3724 Deus!
483 3658 552 3722 ense
567 3656 666 3742 ferox,
687 3660 861 3724 &vulnera
875 3658 974 3724 vietor

213 3744 434 3828 Congeminas,
453 3741 632 3824 semperque
649 3760 745 3808 novas
761 3742 888 3828 insurgis
902 3744 935 3808 in
952 3743 1021 3810 iras.
1052 3786 1056 3795 ·

213 3830 283 3896 Cur
299 3826 424 3892 eduxisti
441 3826 588 3891 miserum
605 3826 758 3912 genitricis
774 3827 812 3893 ab
828 3831 902 3893 alvo

210 3915 375 3983 Servatum
392 3911 423 3974 in
440 3929 559 3992 ponar,
580 3931 637 3974 nec
656 3912 746 3978 nobis
760 3909 823 3975 fata
837 3910 937 3978 subire

210 3999 296 4071 Ante
311 3994 407 4082 diem,
427 3995 457 4064 br
474 3993 559 4063 letbo
575 3993 664 4066 licuit
678 4009 856 4082 prevertere
871 3994 998 4065 neem?
1105 4057 1195 4152 m
