2792 4800
506 447 540 523 C
566 442 600 523 A
626 442 666 524 Ρ.
717 438 788 523 Vi.
1060 455 1139 555 ιη’

140 578 208 649 Sex
227 575 485 663 cladempatidre
500 578 596 666 vicet,
617 574 809 664 totidemque
826 577 933 651 salutis

138 663 296 750 Propitius
314 665 493 730 monstrabit
509 665 577 749 iter,
595 666 648 730 sed
667 665 794 749 septima
813 686 975 750 nunquam

139 750 291 815 Innocua
309 749 450 814 erumnis
467 749 600 813 turbabit
618 763 757 832 tempora
772 750 853 815 vitae.

139 827 217 896 Nec
237 835 292 899 tibi
313 834 392 899 saeva
407 831 499 897 faunis
521 833 629 917 rabies,
649 850 707 896 nec
726 831 862 900 Martius
880 833 972 907 ardue

139 914 275 983 Adfer'et
291 918 434 983 exitium:
455 934 513 980 nec
530 916 705 1000 portentosa
722 918 843 981 timebis

142 996 276 1085 Omina,
296 1021 355 1066 nec
372 999 465 1065 foedae
481 1016 599 1065 metues
617 1001 759 1065 convicia
775 1001 896 1086 lingum

137 1080 203 1148 Sed
222 1084 300 1148 etim
315 1080 489 1149 damnirint
504 1083 618 1158 steriles
631 1084 749 1168 jejunia
765 1103 904 1170 campos,

137 1163 295 1232 'Ubertim
312 1174 398 1253 largo
415 1167 517 1250 pascet
531 1183 561 1232 te
579 1168 669 1250 copia
682 1171 776 1247 luxu;

139 1246 217 1313 Nec
236 1251 329 1334 lapidi
341 1257 479 1334 plantam
490 1251 651 1337 impinget,
670 1270 728 1313 nec
746 1251 838 1315 beliia
854 1250 943 1317 ledet

138 1329 261 1418 Noxia,
281 1334 332 1400 sed
351 1335 448 1401 stabili
466 1336 635 1419 conjunges
650 1331 770 1398 foedere
787 1352 933 1419 agrorum

141 1414 227 1482 Saxa
243 1419 305 1501 tibi,
326 1432 485 1501 tutamque
501 1421 587 1482 colet
600 1416 665 1482 fera
681 1418 773 1481 bestia
787 1436 913 1501 prcem3

136 1497 268 1586 Pacem,
287 1504 426 1584 iuquam,
445 1498 565 1586 domui,
584 1515 713 1566 ventura
723 1502 755 1566 in
765 1500 849 1565 secla
860 1500 1040 1592 perennem}

137 1580 384 1667 Perpetuamque
398 1601 473 1666 tuae;
494 1605 563 1668 quae
584 1600 619 1650 tu
639 1584 814 1667 spedacula
829 1587 930 1673 latus,

136 1664 278 1749 Sepofito
288 1684 395 1734 tecum
410 1668 568 1751 quondam
584 1669 734 1733 mirabere
747 1667 843 1751 fastu3

136 1750 326 1836 Instabisque
340 1753 425 1817 viam
440 1750 525 1837 redi,
546 1751 704 1834 callesque
717 1753 823 1817 beatos

137 1831 275 1920 Justitie,
295 1836 460 1919 fundoque
476 1854 596 1922 premet
613 1834 735 1920 vestigia
748 1836 857 1921 grellut

140 1916 256 1999 thue
272 1917 357 1985 vides
372 1935 473 2007 gratos
491 1923 580 1985 flores
598 1919 652 1983 sub
667 1939 737 1984 vere
756 1923 867 2002 tepenti

136 2002 348 2070 Gemmantes
364 2003 471 2087 paffim
487 2003 562 2069 letis
581 2004 753 2067 herbescere
768 2005 900 2091 campit,'

137 2084 195 2153 Sic
212 2101 264 2153 tua
281 2088 436 2173 progenies
454 2088 485 2153 in
500 2088 607 2152 secula
622 2086 686 2151 sera
702 2101 851 2169 nepotum

135 2168 241 2235 Felici
257 2171 373 2236 crescet
389 2171 475 2257 serie,
495 2174 525 2238 ἃ
542 2176 679 2258 longeva
692 2170 832 2236 senectus

136 2252 261 2319 Effoeto
270 2254 411 2320 ostender
422 2256 596 2336 numeroso
608 2255 719 2340 gaudia
734 2256 839 2336 prolis.

137 2334 253 2419 thue
268 2338 337 2407 suat
353 2338 465 2404 mersor
481 2339 594 2424 segetes
612 2339 696 2422 spem
714 2340 834 2426 colligit
849 2335 930 2422 anni,

136 2418 179 2487 Et
229 2422 325 2486 avidis
343 2426 455 2487 flavam
471 2441 608 2487 cererem
626 2423 786 2504 componit
801 2425 935 2488 acervis:

113 2548 116 2554 ·
136 2503 163 2571 E
218 2519 356 2569 tutatum
371 2506 469 2588 annis,
489 2507 529 2568 lic
546 2521 576 2569 te
591 2509 809 2649 expletumpue
824 2505 947 2568 dierum

135 2588 280 2672 Excipiet
294 2591 419 2652 tumulo
432 2592 538 2670 uellus,
556 2587 736 2672 gremioque
766 2587 877 2651 ovebit.

136 2671 234 2737 Certa
249 2671 376 2753 quidem
389 2673 461 2738 sunt
474 2672 550 2754 huc,
571 2670 687 2752 usuque
702 2671 811 2736 edodia
826 2669 988 2757 magistro:

136 2757 219 2841 Quae
235 2756 256 2821 li
273 2754 354 2822 forte
370 2755 448 2842 sapiu
464 2755 596 2822 memori
613 2755 667 2821 sub
683 2771 787 2821 mente
802 2772 940 2841 reponet.

345 2931 810 3059 ''cnuvn

219 3161 292 3236 Um
308 3167 417 3253 Jobut,
437 3162 460 3232 b
475 3166 593 3232 trutinae
610 3167 629 3232 fi
646 3160 715 3249 quir
732 3162 942 3233 moderamina
956 3163 1048 3234 reu·

238 3251 397 3335 Sustineat,
418 3251 600 3335 questusque
614 3268 713 3332 meos,
732 3248 885 3329 sevosquc
900 3251 1026 3318 doloret

136 3338 229 3487 ssuos
246 3338 354 3421 patior,
371 3336 467 3420 judex
485 3349 605 3417 arquato
621 3333 762 3398 examine
777 3331 893 3414 penset!

176 3439 290 3502 amque
307 3420 375 3484 mel
394 3416 490 3484 levior
503 3418 592 3505 plagi
608 3417 679 3482 valli
696 3417 769 3481 cllet
785 3435 877 3482 arena

136 3503 275 3587 Oceani·
292 3503 404 3570 &totis
419 3504 518 3590 pelagi
535 3500 742 3586 propenderet
754 3499 850 3565 arvis:

134 3584 211 3654 Nec
229 3588 328 3653 verbis
345 3605 463 3669 aquare
480 3597 577 3668 quem
599 3585 743 3650 mortalia
758 3583 870 3667 quippe

135 3665 321 3738 Sollicitum
336 3689 387 3734 me
403 3674 620 3750 mutuemur,
639 3669 692 3733 scd
708 3673 771 3733 tela
786 3687 909 3736 veneno

135 3756 263 3837 lmbuit‚
284 3755 312 3820 dc
330 3755 424 3819 ficere
441 3755 578 3818 exhaurit
592 3750 736 3836 sanguine
751 3768 845 3816 renas

134 3836 355 3922 Omnipotens,
374 3835 557 3920 trepidisque
572 3835 662 3900 infert
676 3835 841 3900 terroribus
857 3850 954 3916 arma,

136 3919 427 4006 Conglemeratque
443 3923 556 4004 aciem,
576 3922 606 3986 ἀ
623 3923 727 3983 multo
742 3935 794 3982 me
808 3917 929 3983 turbiue
944 3929 1044 3985 vexat,

133 4007 232 4087 Anne
247 4003 454 4079 rudit-tenerit
471 4002 679 4162 magcgbcne
696 4001 796 4095 palice
812 4001 844 4073 iu
860 4000 959 4089 aviti
1056 4071 1126 4151 Aut
