2792 4800
322 371 788 577 incarnatus,
812 467 906 588 sm
937 445 1093 571 nnn
1114 451 1294 580 dunis·

563 658 685 728 Latinis
702 659 838 726 verfibue'
856 657 1045 746 perscriptae

317 814 529 891 Pararcro
555 818 789 890 Autumno
816 816 927 909 Scuto,
954 814 1077 889 Sentii
1094 820 1241 898 Andreae
1264 832 1298 901 ivl

338 917 457 988 Scotia
472 918 552 987 olim
570 912 839 1010 Archicp'istopo‚·
853 912 1007 989 Attdore.

314 1053 519 1235 ADvertn'¹
536 1075 650 1141 lsradl!
672 1073 867 1156 memorique
885 1075 949 1139 hoc
960 1080 1065 1144 mente
1077 1064 1205 1166 repone.

267 1219 272 1229 ,
415 1164 494 1227 Sum
513 1157 682 1243 Dominus,
704 1157 793 1223 Deus
811 1160 866 1222 illc
882 1174 967 1243 tnus3
984 1164 1038 1243 qui
1051 1162 1202 1253 AEgyptia
1222 1171 1288 1238 som

323 1246 476 1327 Vincula,
497 1244 549 1327 qui
564 1237 663 1309 Pharii
678 1243 769 1308 eduxi
787 1245 898 1307 tellure
917 1240 1076 1329 Tyranni:
1143 1256 1145 1258 ’

358 1328 444 1395 Ante
459 1332 571 1394 oculos
588 1330 687 1393 aliena
704 1345 793 1391 meos
816 1346 854 1392 ne
871 1332 999 1393 numina
1016 1332 1141 1401 habeto.

353 1414 507 1495 Sculptile
531 1433 569 1478 ne
584 1411 662 1477 faxis
682 1414 798 1493 ullum‚'
817 1411 1017 1477 limulacrave
1033 1436 1152 1506 rerum,

317 1488 399 1583 Quae
415 1497 484 1563 sunt
503 1498 632 1562 incaelo
654 1496 752 1578 supra,
772 1510 826 1559 aut
842 1497 953 1560 tellure
970 1516 1155 1579 premuntur

313 1581 457 1661 Inferius,
478 1580 634 1660 liquidove
654 1582 794 1659 alrimunt
807 1578 862 1644 sub
881 1587 1039 1648 marmore
1055 1582 1160 1671 serpit.

311 1662 369 1730 Ne
385 1665 492 1728 coram
503 1664 644 1743 inclines,
665 1665 757 1727 nullo
774 1663 939 1750 digrnbere
956 1668 1045 1732 cultu
1062 1688 1071 1734 τ

311 1745 463 1830 Namque
479 1768 538 1831 ego
553 1746 622 1812 sum
637 1757 766 1813 aternus
777 1747 871 1812 vener
888 1745 1111 1832 Dominusque
1128 1753 1274 1842 Denique,

314 1829 400 1898 zero
417 1829 675 1913 ardens,Patru1n
689 1832 720 1896 in
738 1847 828 1896 natos
844 1830 958 1896 delida
981 1835 1114 1903 rebelles

311 1914 486 1984 Ulciscor:
507 1923 575 1998 quae
591 1932 642 1979 me
653 1915 791 1998 subulca·
808 1928 865 1999 pto
881 1923 969 1994 mor'e
979 1928 1155 2010 parentum,

274 2005 276 2010 ’
309 1984 436 2084 Oderit·
454 2000 484 2066 in
501 2000 588 2065 terno
600 2002 628 2065 de
640 2012 751 2081 quarto
776 2005 841 2063 luet
850 1999 959 2064 ordine
975 2021 1097 2084 poents.

309 2083 356 2151 At
396 2087 470 2147 ueni
479 2083 560 2163 cepit
575 2096 663 2146 amor
679 2083 783 2165 nollri,
803 2083 940 2167 legisque
956 2085 1100 2155 lubenter

309 2103 499 2248 Obpcquitur
514 2166 650 2247 monitis,
671 2170 739 2250 ejus
756 2166 920 2231 millelima
938 2185 1045 2235 cernet

309 2246 374 2317 Pro
394 2251 486 2332 enies,
508 2250 603 2332 quim
620 2252 704 2336 larga
715 2248 796 2314 -ad'srt
807 2251 974 2315 clementia
991 2255 1093 2321 nobis.

317 2385 324 2396 .
391 2355 408 2399 e
426 2335 512 2400 sume
529 2333 679 2400 incassum
702 2334 826 2414 jehova
843 2335 1023 2401 venerabile·
1036 2355 1171 2425 nomem·

307 2406 401 2485 Nam
416 2430 643 2485 contemtorem
656 2417 816 2483 Dominus
834 2439 898 2484 non
918 2421 1031 2502 linquit
1050 2425 1201 2491 inultum·-¹

350 2505 481 2571 Sabbata
497 2502 700 2586 santiificado,
717 2510 861 2569 immor:
884 2503 935 2568 sex
956 2504 1013 2569 rite
1029 2507 1139 2574 diebus

306 2567 472 2672 indulgeto
491 2589 597 2668 operi:
617 2588 741 2667 jehova
752 2591 806 2651 lun
815 2588 942 2670 septima
959 2591 1064 2674 magni
1084 2593 1126 2659 est

306 2670 403 2736 Sacra
420 2673 529 2751 quies:
551 2675 654 2735 nullos
674 2672 727 2736 illa
746 2678 887 2734 eaercerc
904 2674 1024 2738 labores

303 2752 365 2819 Fas
382 2756 458 2837 ello‚·
472 2754 536 2836 tini,
556 2769 711 2835 incenato,
729 2769 815 2834 nate,
836 2753 1008 2836 summove,

305 2838 494 2922 Aricinam,
511 2838 632 2921 bovive,
647 2841 780 2919 aliumve,
800 2852 852 2901 aut
867 2836 936 2919 jure
952 2854 1082 2922 recepto

302 2923 460 3005 Hospitii:
480 2940 553 2987 nam
571 2922 621 2987 sex
641 2929 788 3003 terreque
805 2925 934 3005 polique
949 2922 1059 2989 diebus

299 3001 454 3072 Machina
477 3009 611 3071 conflata
628 3007 685 3073 eli:
707 3006 829 3088 septem
850 3010 922 3069 l-uee
942 3006 1074 3093 quierint

299 3084 500 3171 Sacravitque
519 3089 601 3152 diem
618 3105 745 3153 ventura
770 3092 800 3153 in
815 3089 899 3154 secla
917 3091 1050 3158 beatum.
1194 3159 1197 3168 ,

337 3170 460 3239 Patrem
473 3172 658 3255 'prosequere
670 3175 699 3238 dt
712 3171 850 3236 Matrem
868 3186 1038 3239 reverenter
1056 3174 1199 3256 horrore}

297 3253 491 3343 Longaevam
510 3272 544 3321 nt
560 3257 634 3320 felix
654 3257 743 3340 polius
762 3257 922 3321 traducere
938 3260 1046 3342 vitam,

295 3340 451 3407 Infantia
476 3340 599 3422 Jehovae
620 3339 772 3405 concessi
790 3359 918 3405 munere
936 3343 1026 3407 terra.

304 3496 307 3502 ,
334 3421 388 3488 Ne
405 3442 596 3505 quemquam
617 3417 755 3488 oecida's.
798 3424 902 3488 Alieni
916 3425 1038 3490 foede‘ra
1055 3422 1128 3491 leet

291 3502 347 3571 Ne
365 3509 472 3574 violes.
495 3509 592 3572 Furto
607 3509 763 3573 abstineas.
792 3503 848 3570 Ne
865 3508 945 3571 tellis
966 3510 1090 3590 iniquus

292 3590 464 3659 Vicinolis
484 3592 629 3658 innocuo.
674 3589 748 3656 Nec
766 3590 846 3654 reela
861 3592 1023 3673 propinqui
1179 3661 1194 3675 ,1

291 3674 486 3762 Concupias‚·
501 3673 679 3763 jundamve
703 3690 784 3755 tore,
805 3673 1000 3747 famulumve
1018 3674 1203 3756 ministrum,

289 3758 504 3845 Ancillamvc,
521 3764 645 3840 bovem,
663 3776 714 3824 aut
732 3762 861 3840 alinum,
879 3774 931 3822 aut
955 3759 1040 3839 quod
1059 3758 1165 3828 dicere
1186 3752 1270 3844 poffd

286 3841 362 3923 Jure
382 3847 496 3914 suum:
523 3847 615 3912 nullo
633 3846 717 3909 illius
737 3844 876 3927 flagrabis
901 3860 1017 3908 amore.

555 3926 600 4008 F
649 3925 679 4010 Ι
732 3926 779 4011 lt
836 3923 867 4005 I
919 3920 965 4011 S.

801 4075 810 4083 ·
1170 4041 1275 4118 Poet-
