2792 4800
215 373 289 468 360
507 447 519 465 ·
560 358 597 465 J
644 355 678 435 0
725 368 759 436 B
807 352 835 439 Ῐ

351 492 388 559 In
403 494 507 577 vultu,
526 490 557 559 dt
578 508 703 578 vegetus
713 496 821 585 ¹vigor,
944 494 947 499 ’

269 576 399 650 Infantis
421 575 538 642 faciem
557 576 856 668 vincetrmabileur,
907 625 910 629 -

349 660 390 730 Et
406 662 485 727 vires
505 665 625 727 alacres
645 663 736 730 simul

216 811 219 817 .
270 751 309 818 ln
324 744 584 829 corpuuuenierrt,
601 746 726 830 &cupis
743 749 856 835 aspecit

351 829 452 917 Regis
467 831 545 897 r'oeta
560 832 735 916 novabitur,

251 982 254 985 ,
270 919 309 985 ln
325 920 436 987 florem
452 930 562 981 tenero
584 915 672 979 versa
687 916 823 998 puertia.

208 1006 250 1074 26
342 999 492 1065 Divinam
509 1016 601 1080 prece
619 997 759 1082 supplice

272 1083 452 1170 implorabit
468 1099 582 1165 opem:
604 1102 663 1147 nec
675 1080 765 1150 Deus
777 1086 892 1153 abnuet

350 1168 453 1233 Aures
469 1164 641 1250 suppliciis,
658 1186 771 1250 neque.

266 1250 544 1343 Avertetfaciem:
565 1250 689 1335 pediora
709 1254 829 1353 gaudio

349 1333 518 1401 Perfunde't
537 1335 640 1419 simul,
660 1336 690 1402 ἅ
709 1339 754 1400 lui

257 1419 392 1490 ‘Vultis
409 1420 542 1485 restituet
556 1424 666 1485 lumen
675 1422 826 1491 amabile:

345 1510 453 1586 rquue
473 1503 581 1568 amissa
595 1507 767 1585 parentium

274 1589 435 1659 Reddetur
450 1600 590 1652 veterum
606 1588 736 1652 crimine
752 1588 905 1661 funditas,-

90 1692 92 1700 ’
215 1689 256 1761 27
347 1669 437 1735 Nam
453 1685 542 1733 curas
562 1671 727 1735 homiuum
743 1671 834 1741 Deus

278 1754 361 1825 Lae
380 1753 496 1819 sidereo
512 1752 656 1837 prospicit
667 1754 684 1820 ὲ
696 1758 818 1845 thron0‚

352 1837 394 1905 Et
407 1836 481 1903 sadi
499 1838 584 1903 male
602 1840 755 1922 poenirens

275 1924 390 2011 Siquis
406 1923 557 1987 flebiliuus
574 1923 615 1987 fic
632 1926 771 2007 loquitur
790 1929 897 1994 sonis:

351 2006 420 2075 Ah!
442 2006 518 2072 foedi
535 2007 660 2071 sceleris
684 2008 793 2092 piget:
883 2087 886 2094 Ι

276 2094 344 2160 Ah!
367 2095 455 2155 nulla
472 2088 586 2154 utilitas
606 2089 676 2153 irinc
697 2093 772 2154 mihi
789 2096 944 2176 proveniri
999 2155 1004 2167 .

215 2176 257 2248 28
350 2173 433 2238 Mox
451 2175 545 2235 illum
560 2171 647 2237 sacili
664 2191 761 2240 manu

274 2256 441 2329 Horrendo
457 2259 575 2322 relevat
583 2256 623 2319 de
641 2259 771 2334 barathri
787 2260 895 2348 specu,

352 2343 461 2412 Vitam
480 2340 579 2406 reddit
595 2342 773 2430 amabilem,

277 2432 329 2499 Ac
348 2430 418 2494 vita
428 2426 597 2490 innumeris
619 2434 807 2494 accumulat>
819 2432 922 2497 boniet

202 2537 256 2600 *29
362 2512 415 2579 Sic
433 2507 505 2575 sane
525 2510 720 2593 omnipotens
743 2509 833 2578 Pater
859 2531 864 2538 ’

281 2595 398 2664 Sardio
411 2615 458 2659 res
477 2594 641 2660 hominum
662 2598 790 2662 nurnine
806 2596 925 2685 dirigit:

163 2682 170 2693 '
356 2682 433 2746 Hac
450 2675 524 2740 facti
541 2676 626 2741 male
643 2680 796 2758 poenitens

279 2763 312 2830 A
332 2780 437 2827 rerum
454 2759 601 2825 Domino
617 2779 746 2826 munera
757 2762 891 2846 suscipit.

217 2871 258 2938 30
351 2846 435 2912 Mox
451 2847 544 2908 illum
566 2841 655 2907 facili
672 2863 768 2911 manu

189 2972 191 2977 ·
278 2931 446 3001 Horrendo
462 2931 578 2993 relevat
593 2928 632 2991 de
651 2929 779 2995 barathri
796 2930 902 3017 specu,

355 3016 464 3082 Vitam
480 3011 580 3077 reddit
603 3015 784 3097 amabilem,

277 3100 329 3166 Ac
346 3100 416 3169 vitre
428 3095 601 3163 'innumeris
625 3102 809 3164 accumulat
824 3099 923 3164 bonis.

215 3208 251 3274 31
349 3182 381 3248 Ο
401 3203 483 3246 nunc
502 3181 677 3244 auriculam
694 3184 804 3267 arrige,

277 3266 423 3333 Attentos
441 3264 617 3330 monitis&
634 3266 745 3331 tacitus
762 3268 861 3334 meis!

300 3390 302 3394 2
355 3349 445 3416 Nam
464 3367 515 3412 me
526 3367 609 3412 nunc
628 3349 718 3430 juvat
736 3352 855 3435 eloqui,

278 3438 318 3505 Et
335 3433 409 3501 resti
427 3433 549 3496 dociles
566 3433 684 3496 tradere
704 3436 836 3520 regulas.

215 3541 254 3612 32
349 3514 759 3607 Sinfarimodotuvelir,

276 3606 318 3674 Et
333 3603 484 3688 postrema
504 3599 578 3662 milri
596 3597 679 3662 dieta
696 3601 863 3667 refellere:

347 3684 456 3751 Profer
476 3703 551 3765 quas
576 3684 641 3749 fieri
662 3685 790 3764 quidem
822 3729 826 3738 -

276 3773 366 3856 Opto
381 3769 543 3851 vindicias,
563 3767 615 3831 sed
634 3768 755 3852 dubito,
772 3785 856 3834 tuas.

216 3881 255 3948 33
343 3857 375 3922 Si
393 3876 479 3926 non:
502 3873 538 3919 os
557 3851 657 3917 inhibe
679 3869 782 3938 tuum,

276 3939 407 4029 Lingua
425 3939 602 4024 vaniloquae
617 3953 780 4009 murmura
795 3934 971 4024 supprime:

213 4086 254 4122 ua
367 4121 372 4156 1
