2792 4800
442 377 602 459 (ΞΗ.
649 382 807 462 'xxiia
912 415 915 431 ·
1065 414 1135 490 341

189 552 197 604 ,-
216 522 272 599 Sic
290 526 320 591 dr
341 518 461 587 intentis
477 519 583 586 oculis
600 518 725 587 adulter

219 605 390 693 Vesperem
403 603 519 689 serum,
535 604 657 671 sceleris
676 608 823 694 latebras,

222 695 329 763 Latus
339 687 504 774 exspeuat,
519 686 696 773 faciemque
711 690 793 762 falso

227 843 232 864 ,
339 778 435 843 Velat
452 771 587 849 amidim
647 795 650 802 ’

188 866 203 933 5
225 862 297 949 Qud
315 861 414 926 domo
434 863 548 942 pulcra
568 856 685 924 faciem
703 862 817 942 puella

225 948 325 1030 Vidit,
347 946 378 1011 dr
403 942 501 1010 visam
521 941 614 1010 taciti:
633 944 751 1027 cupivit

228 1034 305 1102 Sole
323 1028 470 1116 fulgenti,
490 1028 565 1113 petit
580 1029 657 1093 hanc
675 1028 793 1113 sopora

339 1109 500 1197 Tempore
517 1115 614 1181 luna:
781 1115 794 1194 ’,

228 1197 328 1266 Tunc
345 1212 427 1263 rotas
445 1200 527 1263 luna
548 1198 634 1280 cupit
650 1198 710 1265 esse
725 1199 838 1285 tardas,
955 1217 958 1223 ·

226 1283 270 1351 Et
287 1282 382 1370 gradu
401 1285 488 1347 lento
499 1301 656 1367 peragrare
674 1286 821 1351 coelum:

187 1387 205 1454 7
228 1367 324 1435 Clara
343 1371 397 1442 lun
415 1365 464 1429 illi
483 1365 642 1432 tenebrosa
660 1368 772 1434 mortis

344 1449 474 1517 Umbra
496 1448 639 1518 uidetur:¹

230 1532 421 1617 Namquesi
446 1534 609 1616 quisquam
626 1534 681 1601 sua
694 1532 778 1601 facia
794 1534 888 1602 sciret
938 1601 942 1610 ,

233 1619 400 1700 Conscius,
421 1632 517 1684 terror
535 1618 654 1695 subitus,
668 1636 847 1703 tremorque

233 1700 394 1770 Turbidus
417 1716 499 1769 artus
520 1719 670 1790 quateret,
690 1723 852 1789 comaque
871 1703 905 1770 in

347 1788 461 1866 Fronte
484 1788 624 1872 rigerent.
779 1800 781 1803 ’

184 1868 214 1938 ;8
237 1868 335 1935 More
357 1870 497 1936 torrentis
513 1871 601 1937 subiti
626 1890 679 1954 pet
697 1890 787 1940 aurat

232 1955 350 2037 impius
376 1955 477 2019 tranfit
500 1970 618 2039 tenues,
639 1972 697 2020 nec
716 1955 782 2032 illi'

232 2040 349 2106 Vincas
364 2042 486 2137 largum
504 2039 613 2123 pluvio
631 2039 733 2105 beabit

351 2122 381 2188 Α
438 2143 487 2187 sne
502 2127 635 2192 coelum.

183 2230 186 2274 :
191 2225 213 2292 9
233 2204 324 2273 Cana
339 2142 535 2292 ningialmguet
556 2198 662 2274 medio
677 2206 735 2274 sub
752 2206 838 2291 astu)
966 2236 969 2240 ’

236 2293 345 2376 Quam
360 2291 434 2355 bibit
452 2293 569 2375 partim
595 2292 670 2358 adiis
686 2291 810 2357 decoris

237 2374 388 2459 Phoebus,
408 2313 695 2458 &pattimbibuloe
711 2381 838 2444 voratur

352 2461 486 2529 Gutture
501 2477 603 2526 tetta:
713 2504 716 2508 <

240 2538 294 2606 Sic
314 2541 503 2606 &horrendi
525 2542 649 2606 sceleris
670 2540 805 2606 minister
879 2596 882 2601 .

240 2624 300 2689 Per
316 2625 429 2709 gradus
449 2625 577 2693 tandem
598 2627 629 2689 iu
646 2624 780 2690 nihilum
795 2620 915 2710 redibit,

240 2708 327 2775 Cum
345 2709 441 2780 semel
457 2713 591 2795 longum
612 2709 713 2792 capiet
729 2708 886 2798 soporem,
908 2716 911 2721 ⁴

354 2791 519 2859 Marmore
532 2791 642 2859 tebius.

181 2897 221 2957 ao
243 2875 283 2942 Et
299 2879 387 2960 patri,
403 2877 492 2941 matri
513 2879 543 2944 dc
560 2877 687 2960 reliquis
701 2877 880 2961 propinquis

181 2968 185 2982 '
242 2959 384 3043 Excidet,
400 2960 500 3046 longis
517 2963 647 3027 tenebris
666 2960 825 3042 sepultus:
890 2983 894 2992 ·

245 3044 371 3111 Vermis
390 3044 543 3126 impuram
560 3044 675 3127 cupido
690 3042 811 3114 vorabit
834 3088 837 3094 -

360 3128 495 3197 Gutture
511 3146 653 3197 carnem:

246 3211 335 3278 Illius
355 3215 435 3296 laus,
457 3210 614 3297 dedecus,
635 3224 728 3293 atque
743 3209 889 3294 splendor
953 3284 956 3291 ,

247 3294 362 3361 Clarus
381 3298 549 3363 obscurum
571 3294 662 3361 cadet
678 3293 710 3360 in
724 3292 917 3383 sepulcrum,

249 3377 365 3447 Sicuti
405 3394 519 3452 tertam
535 3381 664 3448 recubat
678 3376 845 3466 cupreffus,

362 3401 427 3531 ieta
445 3452 556 3546 stcuri.

186 3569 223 3616 21
248 3543 353 3613 Dente
371 3548 489 3615 lascivo
507 3552 623 3621 lacerat
644 3562 785 3616 carentes

190 3630 217 3652 '''
250 3629 343 3697 Prole
363 3631 514 3700 foecunda
537 3635 708 3701 thalamos:
729 3653 789 3699 nec
806 3647 960 3718 umquam

249 3715 398 3784 Sublevat
414 3719 510 3804 tristes
528 3717 648 3802 viduas,
669 3720 830 3783 malorum

368 3801 507 3868 Pondere
524 3800 649 3882 fratirs.

187 3902 228 3954 22
249 3884 314 3951 Sub
330 3887 443 3971 jugum
458 3886 534 3952 dites
551 3886 640 3952 trahit
662 3886 692 3953 dt
713 3896 871 3970 potentem

191 3978 198 3987 ·
250 3966 292 4041 Et
307 3971 454 4072 duonum
469 3971 805 4062 aucmentacione
820 3965 911 4060 pulll
1054 4044 1160 4122 sontis

1162 4099 1171 4138 l
