2792 4800
211 392 282 479 3⁶2
524 374 835 499 ΙγΘΒΙ

218 518 263 607 ις’
278 504 396 588 Omnia
411 532 479 598 quae
494 502 768 601 vivuntpecudes,
780 513 997 601 volucresque,
1018 512 1166 604 fereequep

330 604 464 670 Immota
479 600 553 664 fient
574 602 710 684 protinus
727 597 894 665 cadavera:
1222 673 1223 682 p

282 686 431 766 Totaque
445 703 518 770 gens
535 684 697 748 bominum
712 682 774 747 vird
789 681 924 780 fugiente
942 703 996 766 per
1013 692 1109 749 auras

342 768 465 852 Peribit,
480 782 581 832 atrum
598 785 671 832 mox
690 766 807 832 reversa
824 788 855 831 m
866 770 1044 848 pulverem„

227 857 266 923 16
285 848 342 918 Tu
358 851 467 935 modb,
483 853 503 916 fi
520 851 626 934 sapius,
639 852 745 915 animo
760 868 831 913 meu
851 849 933 915 dista
946 851 1095 936 reconde,

338 936 496 1017 Grathbe
511 953 604 1000 voces
626 954 697 999 aure
715 935 842 998 cunetas
860 933 981 997 imbibe.

228 1039 267 1103 17
288 1019 340 1086 An
356 1019 494 1102 permissa
511 1018 561 1080 stbi
578 1019 746 1082 retinacula
764 1018 840 1101 juris
858 1018 988 1102 baberet,

338 1102 403 1187 Qui
416 1105 484 1187 jura
495 1102 599 1186 legum
610 1102 736 1184 injustus
752 1100 812 1183 ipse
829 1102 977 1186 negligit?

289 1185 342 1252 An
358 1202 410 1249 tua
424 1185 579 1249 damnabit
595 1184 769 1250 Dominum
786 1184 931 1249 sententia
954 1184 1122 1271 magnum

288 1321 292 1328 .
348 1268 413 1353 Qui
428 1269 619 1351 sempiternis
630 1268 729 1333 sreuat
744 1270 851 1332 orbem
872 1268 1015 1352 legibus?
1222 1266 1223 1283 ¹

232 1354 268 1422 18
291 1353 425 1434 Adspice
441 1370 608 1437 purpureos
622 1370 698 1417 num
715 1354 765 1415 les
782 1352 857 1437 regit
872 1354 938 1415 ullu
955 1354 1123 1437 tyrannos?
1222 1351 1223 1361 ’

341 1435 434 1500 Num
450 1437 616 1499 bellicosos
633 1438 681 1500 lex
698 1450 821 1498 coercet
837 1435 985 1517 principes
1003 1439 1015 1500 ?

230 1542 270 1603 19
290 1522 369 1603 Quis
379 1518 539 1602 furor-iste,
553 1518 686 1600 (nefas!)
705 1538 772 1599 quc
784 1533 867 1582 tanta
887 1520 1001 1584 insania
1022 1520 1145 1606 lingum

232 1648 238 1658 ·
340 1601 447 1669 Deum
463 1603 593 1687 deorum
611 1618 644 1667 ut
660 1611 780 1688 arguas,
800 1602 852 1681 qui
870 1605 1020 1667 maximos

291 1683 365 1752 Nec
382 1703 466 1769 reges
486 1701 652 1749 reverenter
668 1686 766 1768 babet,
785 1704 842 1747 nec
864 1686 971 1750 babere
988 1688 1120 1753 tenetur?

332 1768 406 1853 Qui
427 1788 486 1833 nec
497 1782 633 1851 potentes
649 1769 778 1851 respicit,
797 1787 854 1831 uec
871 1788 1037 1851 pauperes:

291 1848 419 1934 Nempe
434 1854 537 1917 casum
552 1865 685 1932 tenuem,
705 1852 873 1934 pariterque
888 1856 997 1933 palatia
1014 1872 1124 1941 regum

277 1950 281 1960 ’
342 1934 478 2033 Superba
490 1936 594 2001 dextri
611 1938 697 2000 suxit
713 1937 767 1999 ille
783 1933 923 1999 Daedun.

236 2032 277 2086 20
299 2016 461 2101 Cermsjut
476 2019 526 2083 insi
548 2039 601 2082 nes
616 2039 669 2100 per
684 2019 815 2099 plurima
832 2018 935 2081 secula
949 2036 1054 2103 gentes

343 2101 424 2167 Una
438 2104 511 2165 bora
525 2040 602 2181 depe
619 2102 744 2163 vellicet
760 2099 928 2165 redicitis?

296 2184 422 2266 Cernis,
437 2200 470 2248 ut
484 2185 613 2248 eximios
624 2188 754 2266 populos
775 2180 898 2263 lateque
915 2199 1051 2266 potentes

344 2264 438 2332 Mors
452 2267 548 2332 subita
561 2268 678 2351 raptet?
725 2284 818 2347 ecque
834 2260 957 2331 nudem
975 2269 1108 2332 luridam

295 2350 388 2419 Pestis
399 2354 548 2436 utrmqvel
560 2286 971 2434 flammusdrox,tonitruquc
987 2354 1189 2433 tremendum

347 2435 378 2501 A
395 2436 480 2518 stirpe
496 2450 593 2500 totam
608 2435 709 2501 diruat
722 2434 937 2532 propaginem:

293 2501 424 2584 Divitiis
437 2520 510 2584 licet
526 2539 562 2585 ac
579 2518 742 2583 numeroso
757 2517 857 2582 milite
871 2517 958 2600 freti,-

282 2632 284 2636 ·
346 2600 485 2666 Nullum
502 2603 698 2684 undiquaque
753 2602 1084 2683 rtimerentimpetum.

139 2724 141 2728 ι
235 2704 271 2752 21
296 2680 420 2746 Perficit
436 2685 498 2745 baec
516 2682 616 2764 Deus,
635 2685 689 2746 ille
737 2685 1015 2768 eusqvesligiavitae

346 2764 411 2848 Qui
426 2765 531 2828 nostre
546 2781 639 2829 acuto
656 2778 818 2830 contuetur
836 2769 964 2832 lumine.

138 2862 146 2872 ’
237 2871 276 2917 22
297 2845 400 2913 Nulla
415 2848 488 2933 tegit
498 2851 725 2931 pravos’tellusp
741 2849 930 2932 latebrasque
952 2851 1111 2940 ministrat,

327 2969 331 2983 ·
348 2928 422 2995 Ne'c
439 2946 502 2996 atra
516 2930 622 2995 mortis·
639 2933 746 2996 umbra
768 2932 875 2998 condit
896 2934 1017 3016 impios.

238 3037 277 3103 23
298 3013 393 3080 Nulli
410 3017 498 3096 plura
511 3029 614 3080 tamen
628 3016 711 3098 justo
727 3031 779 3080 aut
788 3016 925 3102 graviora
940 3018 1159 3083 serendumest

357 3097 529 3181 Suppli-iq
540 3101 665 3180 culpam
681 3120 773 3182 poena
788 3120 826 3163 ne
836 3101 1076 3167 transcenderet:
1092 3152 1094 3155 -

300 3178 355 3246 Ne
372 3178 548 3246 Dominum
565 3191 667 3245 rer'um
679 3199 755 3248 nutu
772 3184 824 3264 qui
842 3183 953 3249 cunda
969 3188 1122 3270 gubernat

349 3265 535 3349 lnjuriarum·
549 3265 711 3348 injuriosus
731 3280 846 3353 arguat.

237 3370 278 3434 24
297 3348 457 3414 Fastosum
473 3348 687 3431 tumidumque
703 3350 823 3432 premit,
842 3348 1014 3436 frangitque
1036 3353 1199 3435 rebellem,-

358 3428 551 3497 Transinittir
564 3433 631 3496 aliis
647 3433 739 3497 illius*
748 3432 924 3515 potentium.

239 3538 280 3600 25
301 3512 387 3598 Saepe
403 3516 477 3598 illis,
493 3514 592 3579 tacite
607 3535 659 3597 per
677 3524 774 3598 opaca
790 3516 904 3580 silentia
921 3525 1013 3604 lune,

350 3598 445 3666 Infert
458 3597 579 3664 ruinam
594 3603 655 3664 tale
669 3599 714 3663 nil
730 3598 923 3681 sperantibus.

240 3685 281 3751 26
302 3681 389 3832 Salpe
405 3684 510 3766 etiam,
519 3696 553 3747 ut
569 3683 692 3749 roseum
707 3682 755 3748 sol
773 3702 882 3748 aureus
894 3685 1002 3749 extulit
1017 3705 1118 3771 axem,

374 3769 494 3850 xempla
509 3785 607 3849 poenae
624 3765 773 3832 horrenda
795 3768 905 3849 presset
923 3770 1091 3834 omnibus.-

234 3864 273 3932 27
293 3846 420 3934 Nempe
435 3851 520 3933 quod
536 3850 554 3915 d
570 3848 714 3917 Domino
728 3849 839 3937 gressus
857 3849 974 3915 vertere
991 3853 1127 3941 profani,

341 3931 497 4023 Pedesque
512 3931 595 4010 reda
608 3933 629 4007 d
642 3934 751 4008 semite
770 3932 974 4005 deflexerant:
1097 4009 1140 4092 28
1161 3996 1198 4091 Et
