2792 4800
421 432 453 507 C
504 426 540 504 A
590 432 630 505 P.
710 427 802 504 vn.
1077 450 1153 530 407

227 572 352 644 Deficit
367 587 460 656 atque
476 572 559 638 labat
578 569 723 660 sapientia
740 566 873 653 pedoris
891 567 950 654 illi,
1071 620 1073 626 .

228 661 271 727 Et
287 658 379 723 dolor
398 659 428 723 iu
445 656 566 721 rabidas
586 653 670 742 cogit
686 672 889 738 prorumpere
904 654 1017 740 ¹voces,

230 740 488 825 Pracipitemque
505 741 611 821 nequit
631 738 726 804 frenis
749 738 883 805 inhibere
905 735 1062 808 furorem:

231 828 285 895 Sic
308 845 434 908 quoque
451 823 614 907 prudentes
633 823 767 891 alienant
782 840 923 906 munera,
935 842 994 888 nec
1007 842 1072 890 non

231 911 260 977 F
262 910 380 976 nscinat
396 909 555 1005 ingenium
571 907 646 991 grati
663 907 730 990 spes
747 907 860 973 blanda
878 908 999 994 lucelli,
1109 945 1111 948 .

233 993 385 1078 Qualibet
403 998 499 1073 utque
518 992 597 1056 adeb
620 992 697 1057 lucri
716 993 814 1058 bonus
832 991 874 1057 eil
891 990 972 1058 odor
988 1009 1026 1057 ex
1041 1009 1085 1057 re.
1124 1055 1130 1069 ,

189 1075 372 1163 &Ergoin
387 1075 569 1161 propositam
586 1074 755 1141 contendas
778 1076 897 1141 lumina
912 1091 1031 1141 metam

238 1159 1154 1245 Quampetis,atq;anirnonumquamimpatientemalorum

238 1247 355 1329 Quaere
364 1243 483 1330 fugam,
504 1264 561 1309 nec
581 1242 670 1308 fledle
686 1242 798 1329 gradus
819 1243 967 1309 arramire
983 1242 1080 1328 reela,

238 1330 371 1394 Calibus
390 1327 543 1412 oppressus
563 1327 647 1393 duris
666 1328 695 1393 dr
719 1328 799 1392 sorte
817 1327 976 1413 maligni:
1082 1335 1085 1342 ’

239 1410 317 1477 Nee
336 1412 388 1476 tibi
401 1411 555 1477 blanditiis
572 1411 615 1492 ina
636 1426 732 1478 ouant
752 1429 882 1476 munera
898 1410 997 1490 vanis,

240 1493 455 1577 Sedudlosque
473 1498 591 1562 trahant
606 1432 760 1560 tieletum
775 1515 829 1578 per
845 1493 934 1560 devia
956 1491 1089 1582 gressus:
1120 1556 1124 1570 ,

241 1580 408 1663 Impatiens
426 1579 543 1663 auimo,
566 1576 698 1645 Domini
716 1579 769 1661 qui
785 1576 866 1663 julla
882 1578 1040 1662 relinquit,

242 1665 332 1730 Sorte
347 1678 514 1746 premente,
533 1663 626 1727 suum
645 1662 771 1745 cupiens
789 1666 925 1728 relevare
941 1661 1098 1744 dolorem,

241 1746 419 1834 Aggravat3
442 1762 472 1812 at
489 1745 573 1813 certe
585 1746 721 1830 tandem,
734 1747 810 1811 mihi
826 1747 917 1812 crede
943 1745 1061 1821 videbis

242 1828 396 1913 Optatum
413 1830 576 1929 patientem
593 1830 699 1895 animo
715 1831 892 1917 contingere
910 1797 1008 1895 linem
1025 1850 1034 1898 t

242 1913 394 1999 Quosque
411 1936 443 1980 tn
460 1914 609 2062 ptincgaio
626 1914 697 1980 tristi
716 1914 771 1979 sub
790 1913 886 1979 corde
903 1913 1028 1978 dolores

242 1997 383 2081 Pertulit,
401 2014 526 2063 eventus
561 1998 621 2063 elix
639 1998 776 2081 pensabit
792 1996 927 2063 ahands.

194 2097 216 2160 9
239 2079 333 2147 Praeci
358 2085 410 2149 [tes
429 2083 487 2147 itas
511 2082 611 2148 inhibe
630 2082 843 2148 moderamine
865 2098 965 2169 cetto,

235 2168 284 2231 lra
301 2104 410 2231 oium
423 2187 568 2253 generans
588 2168 751 2233 stultorum
769 2167 800 2232 in
816 2168 911 2233 corde
930 2163 1067 2249 quiescit.

183 2265 215 2311 ιο
237 2247 294 2313 Tu
312 2270 436 2332 qnoque
453 2249 593 2314 divinum
611 2269 720 2315 caveas
739 2251 956 2334 reprehendere
972 2264 1101 2328 numen,

234 2331 333 2399 Talia
343 2332 511 2414 vaniloqui
527 2332 660 2400 fundens
676 2333 802 2400 disleria
817 2333 944 2420 lingul:

237 2415 355 2481 Secula
371 2417 524 2499 preteritis
540 2438 596 2482 cur
614 2438 678 2482 non
693 2419 848 2500 presentia
871 2416 963 2481 seclis
1003 2483 1005 2488 ,

238 2496 347 2579 AEqua
371 2500 495 2562 fluunt?
516 2499 690 2582 sortemque
708 2501 806 2584 magis
822 2501 978 2583 patiuntur
989 2491 1147 2581 iniquam?

237 2581 306 2648 Aut
323 2601 380 2646 cur
389 2581 542 2664 praeteritae
558 2581 657 2648 fuerat
673 2604 741 2665 pars
763 2585 880 2665 optima
895 2583 989 2648 vita?

237 2662 338 2730 Nunc
356 2663 423 2730 sato
439 2665 578 2747 sequiore
589 2664 694 2732 fruor?
716 2669 736 2733 fi
753 2668 827 2733 talia
843 2667 963 2766 quaeris,

239 2748 359 2816 Stultus
377 2770 408 2815 es
438 2752 590 2832 &procul
608 2751 708 2819 iveta
724 2751 842 2818 ratione
857 2751 998 2819 recedas:

238 2831 322 2920 Ergb
339 2801 441 2899 abfiiie
459 2831 567 2900 Deum
585 2835 666 2902 flent
681 2835 798 2919 sperate
823 2837 997 2918 querendo;

245 2916 390 2983 Consiliis
408 2914 496 2983 Deus
514 2919 575 3001 ipse
592 2920 651 2983 suis
669 2939 743 2984 nam
761 2919 872 2985 cundia
889 2921 1050 3006 gubernat,

245 3004 463 3086 Quacumque
482 3002 514 3066 in
530 3017 595 3067 tota
610 3003 718 3068 mundi
735 3005 858 3086 regione
873 3015 1036 3088 gerantur,
1074 3047 1079 3054 -

245 3085 461 3169 Optatumque
476 3084 554 3151 facit
568 3085 688 3153 sannos
705 3089 882 3172 contingere
899 3088 1009 3168 finem,

246 3171 429 3255 Quamlibet
444 3169 610 3234 innumeris
627 3186 750 3255 pateant
766 3169 935 3254 aliquando
950 3162 1085 3253 periclis.

181 3279 214 3327 rt
239 3252 378 3321 Plurima
402 3254 505 3319 'undla
522 3256 627 3336 opibus
643 3255 750 3320 nolite
765 3255 909 3338 sapientia
923 3254 993 3319 vita

241 3277 424 3404 Commotia
433 3336 491 3400 fert
502 3336 624 3417 secum3
637 3341 802 3421 quicumq;
814 3337 975 3405 inlitudlus
985 3348 1089 3415 utroq;
1099 3329 1153 3414 est,

240 3425 351 3492 Incola
371 3420 516 3488 Phoebaeo
534 3423 619 3505 pofiti
635 3421 689 3489 sub
708 3424 803 3489 fidere
823 3423 945 3508 mundi,

239 3506 384 3574 Dulcem
400 3508 430 3572 &
446 3504 626 3591 frugiferam
642 3510 753 3590 poterit
766 3509 925 3574 traducere
940 3508 1053 3591 viram,

242 3591 350 3671 Atque
365 3590 409 3654 sui
427 3608 581 3656 memores
598 3593 676 3658 alios
692 3593 828 3674 prestare
843 3592 1011 3660 merendo:

180 3750 182 3755 ⁴
240 3677 316 3743 Hoc
334 3671 408 3739 facit
426 3691 459 3738 ut
475 3677 576 3756 patriae
595 3678 627 3740 fit
644 3677 785 3760 idoneus,
806 3677 889 3743 utilis
950 3677 1004 3757 ris,

224 3756 343 3824 Utilis
362 3759 391 3822 dt
411 3759 566 3824 bellorum
586 3762 711 3843 &pacis
728 3765 818 3827 rebus
838 3781 916 3848 agen
940 3761 976 3824 is.
1044 3771 1047 3778 ’
1077 3814 1080 3820 .
1105 3837 1110 3845 ,

181 3865 221 3913 12
247 3841 368 3924 Quippe
386 3840 531 3907 salutiferi
559 3859 660 3910 tutum
678 3846 851 3911 munimine
865 3843 944 3909 scuti

221 3976 226 3987 .
242 3921 379 4012 Protegit
396 3928 564 3994 humanam
581 3931 691 3995 mentis
711 3930 855 4013 sapientia
871 3929 992 4010 vitam;

238 4007 295 4081 Sic
314 4027 439 4102 quoque
456 4013 572 4102 praestat
585 4013 672 4086 idern
687 4031 892 4091 nummorum
909 4014 1000 4107 copia
1015 4011 1166 4169 &affigi
