2792 4800
467 409 559 500 CA
585 409 625 497 P.
676 407 768 500 Vll}
1048 447 1131 526 409

211 553 322 626 servet
337 554 565 643 abinnnmtrin
586 554 668 634 salii
686 556 808 641 pietate,
827 548 966 638 periclis}

210 638 304 706 Nam
319 636 398 725 sepe
417 639 480 724 ipsa
496 640 585 705 suam
600 642 733 723 probitas
750 643 910 707 temeraria
925 642 1021 707 vitam

210 725 345 809 Abicit,
362 728 578 806 acceleratque
592 720 642 789 frui
664 723 750 791 mald
765 726 893 809 provida
908 741 1066 804 mortem

207 806 391 892 Nec‚falsl
409 808 649 892 illufnspietatis
665 809 898 897 imaginantes
1066 890 1070 896 ¹

205 890 340 959 Destrue
360 912 537 977 corporeas,
554 892 687 958 animive
711 894 843 978 infringe
858 896 1010 985 vigorem,

203 973 282 1042 Nec
300 978 400 1043 nimio
414 977 554 1058 sermone
575 977 697 1042 sacrum
713 993 747 1043 tu
763 993 880 1042 numen
896 981 1010 1048 adora:

204 1058 419 1148 Cordisflcnim
436 1081 563 1147 cernens
581 1065 747 1145 penetralia
757 1060 874 1127 Redor
885 1061 1032 1151 Olympi,

203 1139 289 1211 Non
304 1165 396 1229 prece
412 1146 529 1228 prolirl
547 1148 676 1229 capitur,
695 1145 747 1210 fed
765 1146 888 1229 pedore
904 1166 994 1231 puro,

205 1227 250 1295 Et
265 1230 394 1316 gemitu,
411 1230 590 1296 &lacrimis
604 1230 739 1295 contrito
755 1230 850 1294 corde
868 1228 1009 1312 profusis.

159 1344 187 1414 57
207 1308 267 1378 Ne
282 1329 386 1381 tamen
402 1314 540 1395 impietas
559 1316 635 1379 laris
705 1314 794 1379 fletur
810 1314 946 1399 habenis,

206 1392 302 1464 Dum
320 1398 410 1463 trahis
428 1399 459 1462 in
476 1399 638 1480 pejussen
655 1422 673 1462 u
690 1418 762 1461 mea
776 1403 867 1463 verba
882 1398 1009 1479 finissro‚

205 1479 242 1548 Ο
254 1483 351 1548 homo
360 1484 465 1549 stulte!
478 1502 570 1562 cave;
584 1484 693 1566 pariter
703 1497 913 1566 mentemque,
919 1482 1123 1575 manumqne3

204 1564 357 1632 Sardibus
374 1566 560 1632 dscclerum
574 1585 709 1631 vacuam
723 1567 841 1631 servare
856 1582 1034 1649 momento;

206 1645 265 1715 Ne
283 1667 419 1717 mereare
437 1651 539 1715 oculis
557 1652 621 1716 fieri
636 1651 812 1734 spedacula
829 1649 949 1717 cundis

206 1729 334 1816 Tristia,
349 1733 504 1803 carnificis
522 1734 626 1801 dextri
648 1737 732 1820 trabe
748 1755 845 1800 nexus
862 1738 899 1799 ab
916 1738 996 1804 alta:

205 1813 302 1885 Neve
317 1819 427 1885 ardore
440 1824 531 1905 gula,
551 1820 695 1902 rapidove
712 1820 863 1900 cupidinis
879 1815 973 1901 aflu‚'
1020 1816 1120 1896 (tamt

206 1901 413 1986 Quamquam
429 1902 509 1967 haud
522 1904 640 1987 sponte,
655 1904 708 1968 tibi
725 1922 866 1984 properes
882 1905 1064 1986 abrumpere
1072 1900 1121 1967 viv

206 1986 276 2052 Aut
291 1989 386 2053 etiam
401 1986 556 2053 scelerum
569 1986 656 2051 furiis
674 1990 802 2072 agitatus
817 1986 947 2070 acerbis,

206 2067 386 2137 Occultum
408 2070 563 2155 quatiente
580 2072 685 2136 animo
702 2087 816 2136 tortore
834 2073 854 2135 fl
894 2075 1007 2155 cllum,

207 2152 229 2220 S
273 2170 324 2220 nte
340 2154 392 2222 tud
411 2158 535 2239 proprio
550 2154 649 2220 fodias
669 2157 721 2220 tibi
739 2155 862 2238 persora
892 2162 972 2231 errt'r.¹

159 2230 185 2303 :8
210 2173 303 2304 liin
321 2240 486 2304 confilium
501 2240 556 2303 tibi
573 2259 668 2318 nunc,
686 2241 760 2302 mihi
778 2238 882 2323 crede,
897 2238 1058 2305 ministro!

207 2322 294 2389 Hinc
313 2341 351 2384 ne
367 2340 468 2387 averte
484 2323 628 2408 gradum5
648 2326 785 2386 monitus
803 2342 860 2386 nec
876 2325 973 2406 rejice
990 2322 1121 2412 nomos,

208 2409 293 2472 lntcr
308 2421 474 2488 utrumque
491 2424 573 2486 tene,
588 2407 693 2469 medio
707 2407 870 2470 tutiffimus
888 2407 963 2472 ibis:

204 2487 302 2554 Nam
319 2488 431 2551 sincera
448 2487 511 2552 Dei
528 2491 706 2568 reverentia,
726 2493 816 2550 firma
832 2488 939 2552 salutis

204 2574 369 2652 tlnclrors²
388 2574 419 2636 dt
441 2570 583 2634 bumana
598 2572 683 2635 statio
697 2570 841 2634 tutiflima
855 2573 935 2654 vitre,

205 2658 285 2723 Hac
303 2654 414 2722 docet:
435 2659 496 2720 hoc
515 2657 614 2719 fixum
637 2655 769 2721 statuunt
785 2655 816 2720 in
837 2657 958 2722 tramite
971 2653 1119 2743 grestem,

206 2740 273 2826 Qui
289 2738 371 2805 calle
387 2741 534 2823 piasacra
551 2744 671 2822 colunt,
695 2758 797 2804 errore
817 2738 937 2805 relido.

164 2831 186 2903 9'
206 2824 282 2890 Plus
300 2825 415 2888 homini
432 2821 527 2908 longe
541 2823 685 2907 sapientia
703 2822 821 2888 roboris
837 2825 935 2908 addit,

204 2907 442 2990 Confirmatque
459 2912 599 2972 animum
616 2906 737 2972 cunstis
754 2909 786 2971 in
808 2909 898 2971 rebus
914 2905 1052 2992 agendis,

206 2991 375 3059 Denorum
392 2993 487 3072 quim
510 2994 598 3054 turba
619 2990 722 3056 virilm
735 2990 925 3074 fulgentibus
940 2990 1047 3076 armis,

206 3076 316 3142 Ardua
332 3076 468 3160 turrigeri
485 3090 587 3138 tutans
606 3073 725 3160 fastigia
741 3075 843 3141 muri:

204 3162 285 3227 Hac
299 3159 376 3224 facit
387 3176 421 3225 ur
431 3179 500 3224 raro
518 3157 647 3222 titubent
663 3158 786 3244 vestigia
801 3157 899 3241 lapsu,
953 3224 960 3232 ,

205 3246 284 3312 Hac
302 3242 378 3308 facit
395 3259 429 3329 ut
446 3246 552 3306 labens
569 3242 742 3324 iterumque
758 3242 933 3321 iterumque
948 3242 1092 3329 resurgat.

159 3345 185 3394 ,ο
204 3325 294 3393 Nam
310 3329 409 3412 lapsus
426 3329 522 3391 vitare
539 3327 656 3408 nequit,
676 3346 734 3390 nec
753 3327 890 3390 criminis
906 3346 1013 3409 expers

206 3412 310 3478 Ullus
327 3415 358 3477 in
374 3415 449 3476 orbe
465 3411 553 3475 suam
569 3411 648 3493 potis
664 3411 706 3476 eil
724 3409 883 3474 traducere
900 3412 997 3474 vitam
1013 3433 1021 3478 :

204 3497 267 3563 Sed
283 3497 452 3562 minimum
466 3510 599 3578 peccant
614 3496 725 3579 quibus
741 3495 783 3558 eli
800 3493 943 3576 sapientia
959 3497 1074 3578 custos,

204 3577 426 3661 Diredrirque
440 3597 571 3663 operum
586 3579 856 3661 conservatrirque
872 3577 1020 3647 suorum:

205 3667 267 3734 llla
282 3663 444 3730 salutifere
459 3663 608 3729 monstrat
623 3665 809 3747 compendia
821 3666 901 3728 vita.

159 3771 178 3818 rt
204 3746 261 3814 Ne
278 3749 370 3813 nimis
386 3764 514 3816 attentas
531 3747 571 3812 da
586 3748 686 3812 verbis
703 3748 849 3813 omnibus
865 3765 966 3828 aures,

204 3833 314 3899 Sicubi
330 3834 399 3914 quis
410 3835 511 3899 tacitis
527 3834 665 3912 loquitur
681 3831 798 3895 secreta
820 3830 958 3913 susurris,

203 3914 264 3982 Ne
278 3915 359 3982 forte
384 3919 444 4002 ipse
460 3932 550 3983 tuum
565 3916 723 3981 famulum
738 3916 791 3981 tibi
813 3915 880 3979 dira
895 3927 1073 3997 precantem

199 3999 399 4088 Deprendes',
418 4003 588 4086 rabidoque
604 4003 745 4070 animum
760 4001 876 4088 rapiare
895 3997 1021 4069 furore:
1105 4074 1115 4092 κ

552 4083 581 4157 F
600 4083 620 4151 s
634 4083 654 4154 f
1002 4121 1004 4125 v
1031 4077 1121 4166 sepe
