<?xml version="1.0" encoding="UTF-8"?>
<!DOCTYPE html PUBLIC "-//W3C//DTD XHTML 1.0 Transitional//EN"
    "http://www.w3.org/TR/xhtml1/DTD/xhtml1-transitional.dtd">
<html xmlns="http://www.w3.org/1999/xhtml" xml:lang="en" lang="en">
 <head>
  <title>
</title>
<meta http-equiv="Content-Type" content="text/html;charset=utf-8" />
  <meta name='ocr-system' content='tesseract 3.04.00' />
  <meta name='ocr-capabilities' content='ocr_page ocr_carea ocr_par ocr_line ocrx_word'/>
</head>
<body>
  <div class='ocr_page' id='page_1' title='image "./poetarumscotoru00adamgoog_0211.png"; bbox 0 0 2792 4800; ppageno 0'>
   <div class='ocr_carea' id='block_1_1' title="bbox 211 321 1009 466">
    <p class='ocr_par' dir='ltr' id='par_1_1' title="bbox 211 321 1009 466">
     <span class='ocr_line' id='line_1_1' title="bbox 211 321 1009 466; baseline -0.008 -19"><span class='ocrx_word' id='word_1_1' title='bbox 211 372 284 466; x_wconf 69' lang='lat' dir='ltr'>no</span> <span class='ocrx_word' id='word_1_2' title='bbox 448 321 1009 446; x_wconf 69' lang='lat' dir='ltr'>noornrraarir&#39;</span> 
     </span>
    </p>
   </div>
   <div class='ocr_carea' id='block_1_2' title="bbox 226 502 1192 2262">
    <p class='ocr_par' dir='ltr' id='par_1_2' title="bbox 226 502 1192 2262">
     <span class='ocr_line' id='line_1_2' title="bbox 278 502 1192 589; baseline 0.009 -17"><span class='ocrx_word' id='word_1_3' title='bbox 278 503 403 572; x_wconf 83' lang='lat' dir='ltr'>Visbus</span> <span class='ocrx_word' id='word_1_4' title='bbox 420 505 561 573; x_wconf 88' lang='lat' dir='ltr'>humanis</span> <span class='ocrx_word' id='word_1_5' title='bbox 574 505 676 572; x_wconf 85' lang='lat' dir='ltr'>oculis</span> <span class='ocrx_word' id='word_1_6' title='bbox 694 525 732 573; x_wconf 87' lang='lat' dir='ltr'>ea</span> <span class='ocrx_word' id='word_1_7' title='bbox 748 502 878 589; x_wconf 76' lang='lat' dir='ltr'>peeoru</span> <span class='ocrx_word' id='word_1_8' title='bbox 895 505 993 573; x_wconf 79' lang='lat' dir='ltr'>hausi:</span> <span class='ocrx_word' id='word_1_9' title='bbox 1190 575 1192 580; x_wconf 89' lang='lat'><em>.</em></span> 
     </span>
     <span class='ocr_line' id='line_1_3' title="bbox 284 587 1067 676; baseline 0.003 -21"><span class='ocrx_word' id='word_1_10' title='bbox 284 587 355 667; x_wconf 85' lang='lat' dir='ltr'>Jam</span> <span class='ocrx_word' id='word_1_11' title='bbox 373 606 443 653; x_wconf 90' lang='lat' dir='ltr'>mea</span> <span class='ocrx_word' id='word_1_12' title='bbox 457 590 642 657; x_wconf 79' lang='lat' dir='ltr'>transcendit</span> <span class='ocrx_word' id='word_1_13' title='bbox 658 587 790 656; x_wconf 75' lang='lat' dir='ltr'>condius</span> <span class='ocrx_word' id='word_1_14' title='bbox 808 588 949 673; x_wconf 78' lang='lat' dir='ltr'>sapientia</span> <span class='ocrx_word' id='word_1_15' title='bbox 968 610 1067 676; x_wconf 86' lang='lat' dir='ltr'>reges,</span> 
     </span>
     <span class='ocr_line' id='line_1_4' title="bbox 319 670 1067 759; baseline 0.005 -23"><span class='ocrx_word' id='word_1_16' title='bbox 319 672 425 738; x_wconf 89' lang='lat' dir='ltr'>uicum</span> <span class='ocrx_word' id='word_1_17' title='bbox 448 693 486 739; x_wconf 90' lang='lat' dir='ltr'>ue</span> <span class='ocrx_word' id='word_1_18' title='bbox 503 674 533 740; x_wconf 94' lang='lat' dir='ltr'>in</span> <span class='ocrx_word' id='word_1_19' title='bbox 549 672 631 739; x_wconf 91' lang='lat' dir='ltr'>solio</span> <span class='ocrx_word' id='word_1_20' title='bbox 643 671 779 759; x_wconf 80' lang='lat' dir='ltr'>Solyma</span> <span class='ocrx_word' id='word_1_21' title='bbox 796 670 899 738; x_wconf 80' lang='lat' dir='ltr'>seuere</span> <span class='ocrx_word' id='word_1_22' title='bbox 917 674 1067 758; x_wconf 91' lang='lat' dir='ltr'>superbo;</span> 
     </span>
     <span class='ocr_line' id='line_1_5' title="bbox 323 692 1180 848; baseline 0.008 -28"><span class='ocrx_word' id='word_1_23' title='bbox 323 776 360 821; x_wconf 91' lang='lat' dir='ltr'>ec</span> <span class='ocrx_word' id='word_1_24' title='bbox 375 692 472 824; x_wconf 71' lang='lat' dir='ltr'>salso:</span> <span class='ocrx_word' id='word_1_25' title='bbox 493 774 567 825; x_wconf 88' lang='lat' dir='ltr'>nam</span> <span class='ocrx_word' id='word_1_26' title='bbox 585 755 714 842; x_wconf 66' lang='lat' dir='ltr'>curua,</span> <span class='ocrx_word' id='word_1_27' title='bbox 726 757 796 822; x_wconf 89' lang='lat' dir='ltr'>aliis</span> <span class='ocrx_word' id='word_1_28' title='bbox 813 754 881 839; x_wconf 83' lang='lat' dir='ltr'>que</span> <span class='ocrx_word' id='word_1_29' title='bbox 897 757 1180 848; x_wconf 69' lang='lat' dir='ltr'>clausajacebant&#39;p</span> 
     </span>
     <span class='ocr_line' id='line_1_6' title="bbox 284 835 1127 928; baseline 0.002 -21"><span class='ocrx_word' id='word_1_30' title='bbox 284 840 414 928; x_wconf 84' lang='lat' dir='ltr'>Ingenio</span> <span class='ocrx_word' id='word_1_31' title='bbox 429 839 578 925; x_wconf 69' lang='lat' dir='ltr'>patefasia</span> <span class='ocrx_word' id='word_1_32' title='bbox 593 860 667 907; x_wconf 91' lang='lat' dir='ltr'>meo</span> <span class='ocrx_word' id='word_1_33' title='bbox 684 835 837 907; x_wconf 79' lang='lat' dir='ltr'>emersere</span> <span class='ocrx_word' id='word_1_34' title='bbox 854 841 995 909; x_wconf 86' lang='lat' dir='ltr'>tenebris.</span> <span class='ocrx_word' id='word_1_35' title='bbox 1125 903 1127 909; x_wconf 92' lang='lat'><em>.</em></span> 
     </span>
     <span class='ocr_line' id='line_1_7' title="bbox 226 922 1002 1011; baseline -0.006 -18"><span class='ocrx_word' id='word_1_36' title='bbox 226 938 265 1006; x_wconf 80' lang='lat'>17</span> <span class='ocrx_word' id='word_1_37' title='bbox 283 922 326 992; x_wconf 72' lang='lat' dir='ltr'>&#39;Et</span> <span class='ocrx_word' id='word_1_38' title='bbox 343 925 494 1008; x_wconf 74' lang='lat' dir='ltr'>penetravi</span> <span class='ocrx_word' id='word_1_39' title='bbox 512 926 619 990; x_wconf 85' lang='lat' dir='ltr'>animo</span> <span class='ocrx_word' id='word_1_40' title='bbox 634 940 749 991; x_wconf 82' lang='lat' dir='ltr'>nature</span> <span class='ocrx_word' id='word_1_41' title='bbox 765 944 878 990; x_wconf 89' lang='lat' dir='ltr'>arcana</span> <span class='ocrx_word' id='word_1_42' title='bbox 889 925 1002 1011; x_wconf 78' lang='lat' dir='ltr'>sagaci,</span> 
     </span>
     <span class='ocr_line' id='line_1_8' title="bbox 285 1007 1002 1158; baseline -0.001 -85"><span class='ocrx_word' id='word_1_43' title='bbox 285 1010 450 1158; x_wconf 61' lang='lat' dir='ltr'>ssuantum</span> <span class='ocrx_word' id='word_1_44' title='bbox 467 1009 497 1074; x_wconf 84' lang='lat' dir='ltr'>dr</span> <span class='ocrx_word' id='word_1_45' title='bbox 512 1008 642 1074; x_wconf 80' lang='lat' dir='ltr'>stultitiae</span> <span class='ocrx_word' id='word_1_46' title='bbox 657 1008 744 1074; x_wconf 75' lang='lat' dir='ltr'>distet</span> <span class='ocrx_word' id='word_1_47' title='bbox 760 1007 904 1090; x_wconf 83' lang='lat' dir='ltr'>sapientia</span> <span class='ocrx_word' id='word_1_48' title='bbox 919 1008 1002 1090; x_wconf 83' lang='lat' dir='ltr'>vidi3.</span> 
     </span>
     <span class='ocr_line' id='line_1_9' title="bbox 325 1090 1176 1175; baseline 0.002 -18"><span class='ocrx_word' id='word_1_49' title='bbox 325 1112 367 1157; x_wconf 92' lang='lat' dir='ltr'>on</span> <span class='ocrx_word' id='word_1_50' title='bbox 382 1108 485 1158; x_wconf 89' lang='lat' dir='ltr'>tamen</span> <span class='ocrx_word' id='word_1_51' title='bbox 502 1092 572 1157; x_wconf 89' lang='lat' dir='ltr'>hinc</span> <span class='ocrx_word' id='word_1_52' title='bbox 589 1091 731 1157; x_wconf 89' lang='lat' dir='ltr'>animum</span> <span class='ocrx_word' id='word_1_53' title='bbox 748 1092 833 1175; x_wconf 89' lang='lat' dir='ltr'>potui</span> <span class='ocrx_word' id='word_1_54' title='bbox 849 1096 985 1157; x_wconf 84' lang='lat' dir='ltr'>relevare</span> <span class='ocrx_word' id='word_1_55' title='bbox 1001 1090 1176 1164; x_wconf 80' lang='lat' dir='ltr'>dolentem:</span> 
     </span>
     <span class='ocr_line' id='line_1_10' title="bbox 286 1173 1050 1257; baseline 0.001 -16"><span class='ocrx_word' id='word_1_56' title='bbox 286 1178 361 1246; x_wconf 87' lang='lat' dir='ltr'>Hoc</span> <span class='ocrx_word' id='word_1_57' title='bbox 376 1173 470 1242; x_wconf 90' lang='lat' dir='ltr'>etiam</span> <span class='ocrx_word' id='word_1_58' title='bbox 483 1174 523 1240; x_wconf 85' lang='lat' dir='ltr'>de</span> <span class='ocrx_word' id='word_1_59' title='bbox 538 1173 625 1241; x_wconf 92' lang='lat' dir='ltr'>sonte</span> <span class='ocrx_word' id='word_1_60' title='bbox 641 1173 733 1243; x_wconf 88' lang='lat' dir='ltr'>dolor</span> <span class='ocrx_word' id='word_1_61' title='bbox 749 1177 893 1246; x_wconf 84' lang='lat' dir='ltr'>manabat</span> <span class='ocrx_word' id='word_1_62' title='bbox 909 1176 1050 1257; x_wconf 77' lang='lat' dir='ltr'>acerbus,</span> 
     </span>
     <span class='ocr_line' id='line_1_11' title="bbox 287 1256 1179 1344; baseline 0.001 -19"><span class='ocrx_word' id='word_1_63' title='bbox 287 1259 458 1342; x_wconf 86' lang='lat' dir='ltr'>Multaque</span> <span class='ocrx_word' id='word_1_64' title='bbox 472 1258 614 1325; x_wconf 82' lang='lat' dir='ltr'>sollicitis</span> <span class='ocrx_word' id='word_1_65' title='bbox 631 1275 768 1324; x_wconf 87' lang='lat' dir='ltr'>mentem</span> <span class='ocrx_word' id='word_1_66' title='bbox 784 1259 964 1344; x_wconf 81' lang='lat' dir='ltr'>exagitantia</span> <span class='ocrx_word' id='word_1_67' title='bbox 978 1256 1073 1326; x_wconf 84' lang='lat' dir='ltr'>ciiris.</span> <span class='ocrx_word' id='word_1_68' title='bbox 1176 1262 1179 1269; x_wconf 85' lang='lat'>&#39;</span> 
     </span>
     <span class='ocr_line' id='line_1_12' title="bbox 228 1334 1031 1430; baseline -0.006 -20"><span class='ocrx_word' id='word_1_69' title='bbox 228 1338 267 1410; x_wconf 82' lang='lat'>18</span> <span class='ocrx_word' id='word_1_70' title='bbox 280 1334 438 1429; x_wconf 46' lang='lat' dir='ltr'>kQuisquis</span> <span class='ocrx_word' id='word_1_71' title='bbox 452 1343 536 1430; x_wconf 86' lang='lat' dir='ltr'>enim</span> <span class='ocrx_word' id='word_1_72' title='bbox 550 1342 635 1429; x_wconf 88' lang='lat' dir='ltr'>vigili</span> <span class='ocrx_word' id='word_1_73' title='bbox 652 1342 752 1408; x_wconf 86' lang='lat' dir='ltr'>studio</span> <span class='ocrx_word' id='word_1_74' title='bbox 767 1341 907 1427; x_wconf 85' lang='lat' dir='ltr'>mysteria</span> <span class='ocrx_word' id='word_1_75' title='bbox 922 1342 1031 1419; x_wconf 80' lang='lat' dir='ltr'>mundi</span> 
     </span>
     <span class='ocr_line' id='line_1_13' title="bbox 290 1424 1081 1511; baseline -0.01 -14"><span class='ocrx_word' id='word_1_76' title='bbox 290 1425 403 1497; x_wconf 78' lang='lat' dir='ltr'>intima</span> <span class='ocrx_word' id='word_1_77' title='bbox 416 1426 578 1511; x_wconf 86' lang='lat' dir='ltr'>scrutatur,</span> <span class='ocrx_word' id='word_1_78' title='bbox 597 1426 787 1510; x_wconf 85' lang='lat' dir='ltr'>tenebrisque</span> <span class='ocrx_word' id='word_1_79' title='bbox 804 1425 919 1492; x_wconf 81' lang='lat' dir='ltr'>obsessa</span> <span class='ocrx_word' id='word_1_80' title='bbox 934 1424 1081 1510; x_wconf 81' lang='lat' dir='ltr'>recludit,</span> 
     </span>
     <span class='ocr_line' id='line_1_14' title="bbox 289 1508 952 1593; baseline -0.011 -14"><span class='ocrx_word' id='word_1_81' title='bbox 289 1510 454 1579; x_wconf 83' lang='lat' dir='ltr'>Anxietate</span> <span class='ocrx_word' id='word_1_82' title='bbox 469 1510 564 1576; x_wconf 76' lang='lat' dir='ltr'>aniani</span> <span class='ocrx_word' id='word_1_83' title='bbox 579 1508 689 1574; x_wconf 75' lang='lat' dir='ltr'>misere</span> <span class='ocrx_word' id='word_1_84' title='bbox 705 1522 830 1574; x_wconf 80' lang='lat' dir='ltr'>vexatur</span> <span class='ocrx_word' id='word_1_85' title='bbox 844 1508 952 1593; x_wconf 88' lang='lat' dir='ltr'>amari,</span> 
     </span>
     <span class='ocr_line' id='line_1_15' title="bbox 290 1592 1125 1681; baseline -0.005 -19"><span class='ocrx_word' id='word_1_86' title='bbox 290 1597 510 1680; x_wconf 80' lang='lat' dir='ltr'>ingentemque</span> <span class='ocrx_word' id='word_1_87' title='bbox 528 1592 637 1676; x_wconf 85' lang='lat' dir='ltr'>premit</span> <span class='ocrx_word' id='word_1_88' title='bbox 652 1592 765 1660; x_wconf 82' lang='lat' dir='ltr'>rnoello</span> <span class='ocrx_word' id='word_1_89' title='bbox 782 1592 836 1659; x_wconf 92' lang='lat' dir='ltr'>sub</span> <span class='ocrx_word' id='word_1_90' title='bbox 853 1592 948 1658; x_wconf 91' lang='lat' dir='ltr'>eorde</span> <span class='ocrx_word' id='word_1_91' title='bbox 962 1592 1125 1681; x_wconf 71' lang='lat' dir='ltr'>dolorem·</span> 
     </span>
     <span class='ocr_line' id='line_1_16' title="bbox 286 1671 1100 1774; baseline 0 -29"><span class='ocrx_word' id='word_1_92' title='bbox 286 1671 472 1764; x_wconf 40' lang='lat' dir='ltr'>&#39;Magnaque</span> <span class='ocrx_word' id='word_1_93' title='bbox 486 1676 608 1742; x_wconf 80' lang='lat' dir='ltr'>tristitia</span> <span class='ocrx_word' id='word_1_94' title='bbox 623 1687 731 1743; x_wconf 79' lang='lat' dir='ltr'>comes</span> <span class='ocrx_word' id='word_1_95' title='bbox 746 1674 788 1741; x_wconf 80' lang='lat' dir='ltr'>ul</span> <span class='ocrx_word' id='word_1_96' title='bbox 804 1675 946 1760; x_wconf 86' lang='lat' dir='ltr'>sapientia</span> <span class='ocrx_word' id='word_1_97' title='bbox 962 1694 1100 1774; x_wconf 79' lang='lat' dir='ltr'>magne:</span> 
     </span>
     <span class='ocr_line' id='line_1_17' title="bbox 290 1750 1030 1849; baseline -0.005 -22"><span class='ocrx_word' id='word_1_98' title='bbox 290 1757 381 1849; x_wconf 73' lang='lat' dir='ltr'>Nirn</span> <span class='ocrx_word' id='word_1_99' title='bbox 397 1750 472 1826; x_wconf 85' lang='lat' dir='ltr'>sicet</span> <span class='ocrx_word' id='word_1_100' title='bbox 489 1759 602 1846; x_wconf 84' lang='lat' dir='ltr'>ingenii</span> <span class='ocrx_word' id='word_1_101' title='bbox 619 1760 783 1845; x_wconf 83' lang='lat' dir='ltr'>penetravit</span> <span class='ocrx_word' id='word_1_102' title='bbox 797 1760 941 1824; x_wconf 85' lang='lat' dir='ltr'>acumine</span> <span class='ocrx_word' id='word_1_103' title='bbox 957 1760 1030 1825; x_wconf 78' lang='lat' dir='ltr'>vasti</span> 
     </span>
     <span class='ocr_line' id='line_1_18' title="bbox 288 1840 1123 1928; baseline -0.001 -20"><span class='ocrx_word' id='word_1_104' title='bbox 288 1841 439 1928; x_wconf 87' lang='lat' dir='ltr'>Plurima,</span> <span class='ocrx_word' id='word_1_105' title='bbox 457 1848 557 1911; x_wconf 88' lang='lat' dir='ltr'>multa</span> <span class='ocrx_word' id='word_1_106' title='bbox 566 1858 670 1910; x_wconf 88' lang='lat' dir='ltr'>tamen</span> <span class='ocrx_word' id='word_1_107' title='bbox 685 1840 831 1927; x_wconf 77' lang='lat' dir='ltr'>superesse</span> <span class='ocrx_word' id='word_1_108' title='bbox 845 1842 992 1927; x_wconf 86' lang='lat' dir='ltr'>impervia</span> <span class='ocrx_word' id='word_1_109' title='bbox 1006 1841 1123 1922; x_wconf 85' lang='lat' dir='ltr'>cern·.&#39;t;</span> 
     </span>
     <span class='ocr_line' id='line_1_19' title="bbox 287 1926 1135 2076; baseline -0.005 -81"><span class='ocrx_word' id='word_1_110' title='bbox 287 1927 374 2076; x_wconf 51' lang='lat' dir='ltr'>gine</span> <span class='ocrx_word' id='word_1_111' title='bbox 392 1928 490 2014; x_wconf 84' lang='lat' dir='ltr'>magis</span> <span class='ocrx_word' id='word_1_112' title='bbox 505 1942 596 2010; x_wconf 88' lang='lat' dir='ltr'>atque</span> <span class='ocrx_word' id='word_1_113' title='bbox 613 1946 664 1992; x_wconf 83' lang='lat' dir='ltr'>ma</span> <span class='ocrx_word' id='word_1_114' title='bbox 686 1928 709 1992; x_wconf 90' lang='lat' dir='ltr'>is</span> <span class='ocrx_word' id='word_1_115' title='bbox 725 1926 783 1992; x_wconf 90' lang='lat' dir='ltr'>litis</span> <span class='ocrx_word' id='word_1_116' title='bbox 800 1926 841 1991; x_wconf 82' lang='lat' dir='ltr'>eli</span> <span class='ocrx_word' id='word_1_117' title='bbox 858 1927 988 1991; x_wconf 71' lang='lat' dir='ltr'>aecenm</span> <span class='ocrx_word' id='word_1_118' title='bbox 1004 1926 1135 2007; x_wconf 60' lang='lat' dir='ltr'>sciendip</span> 
     </span>
     <span class='ocr_line' id='line_1_20' title="bbox 330 1949 1166 2095; baseline -0.005 -19"><span class='ocrx_word' id='word_1_119' title='bbox 330 2031 367 2076; x_wconf 88' lang='lat' dir='ltr'>ee</span> <span class='ocrx_word' id='word_1_120' title='bbox 384 2012 488 2095; x_wconf 87' lang='lat' dir='ltr'>requie</span> <span class='ocrx_word' id='word_1_121' title='bbox 502 2011 570 2077; x_wconf 82' lang='lat' dir='ltr'>&#39;finit</span> <span class='ocrx_word' id='word_1_122' title='bbox 586 2012 640 2076; x_wconf 91' lang='lat' dir='ltr'>illa</span> <span class='ocrx_word' id='word_1_123' title='bbox 654 1949 730 2079; x_wconf 58' lang='lat' dir='ltr'>isui:</span> <span class='ocrx_word' id='word_1_124' title='bbox 752 2010 827 2091; x_wconf 87' lang='lat' dir='ltr'>quin</span> <span class='ocrx_word' id='word_1_125' title='bbox 842 2008 873 2073; x_wconf 86' lang='lat' dir='ltr'>se</span> <span class='ocrx_word' id='word_1_126' title='bbox 884 2029 1009 2092; x_wconf 90' lang='lat' dir='ltr'>quoque</span> <span class='ocrx_word' id='word_1_127' title='bbox 1027 2017 1166 2091; x_wconf 60' lang='lat' dir='ltr'>torqueo</span> 
     </span>
     <span class='ocr_line' id='line_1_21' title="bbox 290 2089 1020 2179; baseline -0.011 -18"><span class='ocrx_word' id='word_1_128' title='bbox 290 2094 428 2161; x_wconf 81' lang='lat' dir='ltr'>Forsitan</span> <span class='ocrx_word' id='word_1_129' title='bbox 445 2093 462 2158; x_wconf 71' lang='lat' dir='ltr'>i</span> <span class='ocrx_word' id='word_1_130' title='bbox 478 2098 574 2179; x_wconf 87' lang='lat' dir='ltr'>vulgo</span> <span class='ocrx_word' id='word_1_131' title='bbox 592 2093 703 2158; x_wconf 86' lang='lat' dir='ltr'>stolido</span> <span class='ocrx_word' id='word_1_132' title='bbox 718 2106 910 2173; x_wconf 82' lang='lat' dir='ltr'>contemtus,</span> <span class='ocrx_word' id='word_1_133' title='bbox 927 2094 956 2157; x_wconf 80' lang='lat' dir='ltr'>de</span> <span class='ocrx_word' id='word_1_134' title='bbox 973 2089 1020 2155; x_wconf 85' lang='lat' dir='ltr'>isli</span> 
     </span>
     <span class='ocr_line' id='line_1_22' title="bbox 290 2168 1155 2262; baseline -0.006 -15"><span class='ocrx_word' id='word_1_135' title='bbox 290 2177 370 2247; x_wconf 77' lang='lat' dir='ltr'>Fors</span> <span class='ocrx_word' id='word_1_136' title='bbox 384 2177 529 2244; x_wconf 83' lang='lat' dir='ltr'>merirum</span> <span class='ocrx_word' id='word_1_137' title='bbox 546 2171 632 2262; x_wconf 84' lang='lat' dir='ltr'>plebs</span> <span class='ocrx_word' id='word_1_138' title='bbox 649 2176 712 2240; x_wconf 85' lang='lat' dir='ltr'>iina</span> <span class='ocrx_word' id='word_1_139' title='bbox 728 2189 820 2262; x_wconf 88' lang='lat' dir='ltr'>negat·</span> <span class='ocrx_word' id='word_1_140' title='bbox 833 2174 953 2240; x_wconf 83' lang='lat' dir='ltr'>virtutis</span> <span class='ocrx_word' id='word_1_141' title='bbox 969 2168 1155 2242; x_wconf 56' lang='lat' dir='ltr'>honorem!</span> 
     </span>
    </p>
   </div>
   <div class='ocr_carea' id='block_1_3' title="bbox 503 2358 900 2492">
    <p class='ocr_par' dir='ltr' id='par_1_3' title="bbox 503 2358 900 2492">
     <span class='ocr_line' id='line_1_23' title="bbox 503 2358 900 2492; baseline -0.013 -10"><span class='ocrx_word' id='word_1_142' title='bbox 503 2358 570 2483; x_wconf 65' lang='lat' dir='ltr'>“c</span> <span class='ocrx_word' id='word_1_143' title='bbox 624 2402 663 2484; x_wconf 80' lang='lat' dir='ltr'>n</span> <span class='ocrx_word' id='word_1_144' title='bbox 718 2394 763 2478; x_wconf 67' lang='lat' dir='ltr'>u</span> <span class='ocrx_word' id='word_1_145' title='bbox 842 2399 900 2492; x_wconf 74' lang='lat' dir='ltr'>ru</span> 
     </span>
    </p>
   </div>
   <div class='ocr_carea' id='block_1_4' title="bbox 137 2586 1222 4029">
    <p class='ocr_par' dir='ltr' id='par_1_4' title="bbox 351 2586 1177 2688">
     <span class='ocr_line' id='line_1_24' title="bbox 351 2586 1177 2688; baseline 0.002 -17"><span class='ocrx_word' id='word_1_146' title='bbox 351 2605 477 2685; x_wconf 82' lang='lat' dir='ltr'>Amque</span> <span class='ocrx_word' id='word_1_147' title='bbox 493 2605 546 2685; x_wconf 87' lang='lat' dir='ltr'>ubi</span> <span class='ocrx_word' id='word_1_148' title='bbox 560 2592 692 2687; x_wconf 85' lang='lat' dir='ltr'>perspexi</span> <span class='ocrx_word' id='word_1_149' title='bbox 710 2592 840 2687; x_wconf 79' lang='lat' dir='ltr'>penitus,</span> <span class='ocrx_word' id='word_1_150' title='bbox 860 2586 1002 2686; x_wconf 80' lang='lat' dir='ltr'>sapientia</span> <span class='ocrx_word' id='word_1_151' title='bbox 1019 2595 1177 2688; x_wconf 80' lang='lat' dir='ltr'>postquam</span> 
     </span>
    </p>

    <p class='ocr_par' dir='ltr' id='par_1_5' title="bbox 286 2687 1222 2772">
     <span class='ocr_line' id='line_1_25' title="bbox 286 2687 1222 2772; baseline 0.005 -21"><span class='ocrx_word' id='word_1_152' title='bbox 286 2763 289 2769; x_wconf 36' lang='grc'><strong>,</strong></span> <span class='ocrx_word' id='word_1_153' title='bbox 370 2687 496 2751; x_wconf 78' lang='lat' dir='ltr'>Sustulit</span> <span class='ocrx_word' id='word_1_154' title='bbox 514 2689 607 2767; x_wconf 87' lang='lat' dir='ltr'>inque</span> <span class='ocrx_word' id='word_1_155' title='bbox 622 2689 678 2752; x_wconf 91' lang='lat' dir='ltr'>suo</span> <span class='ocrx_word' id='word_1_156' title='bbox 715 2688 793 2752; x_wconf 93' lang='lat' dir='ltr'>osuit</span> <span class='ocrx_word' id='word_1_157' title='bbox 808 2706 860 2751; x_wconf 88' lang='lat' dir='ltr'>me</span> <span class='ocrx_word' id='word_1_158' title='bbox 876 2688 1027 2772; x_wconf 86' lang='lat' dir='ltr'>culmine,</span> <span class='ocrx_word' id='word_1_159' title='bbox 1045 2688 1145 2755; x_wconf 84' lang='lat' dir='ltr'>&#39;vitam</span> <span class='ocrx_word' id='word_1_160' title='bbox 1218 2736 1222 2743; x_wconf 88' lang='lat'>-</span> 
     </span>
    </p>

    <p class='ocr_par' dir='ltr' id='par_1_6' title="bbox 289 2768 1195 3674">
     <span class='ocr_line' id='line_1_26' title="bbox 373 2768 1185 2851; baseline 0.007 -16"><span class='ocrx_word' id='word_1_161' title='bbox 373 2768 513 2835; x_wconf 87' lang='lat' dir='ltr'>Felicem</span> <span class='ocrx_word' id='word_1_162' title='bbox 528 2772 638 2851; x_wconf 88' lang='lat' dir='ltr'>procul</span> <span class='ocrx_word' id='word_1_163' title='bbox 655 2790 671 2830; x_wconf 91' lang='lat' dir='ltr'>e</span> <span class='ocrx_word' id='word_1_164' title='bbox 698 2785 852 2837; x_wconf 85' lang='lat' dir='ltr'>oramen:</span> <span class='ocrx_word' id='word_1_165' title='bbox 871 2783 939 2835; x_wconf 90' lang='lat' dir='ltr'>tum</span> <span class='ocrx_word' id='word_1_166' title='bbox 955 2771 1185 2840; x_wconf 71' lang='lat' dir='ltr'>tatianorum:</span> 
     </span>
     <span class='ocr_line' id='line_1_27' title="bbox 293 2851 1195 2939; baseline 0.002 -19"><span class='ocrx_word' id='word_1_167' title='bbox 293 2853 407 2936; x_wconf 87' lang='lat' dir='ltr'>Nunc,</span> <span class='ocrx_word' id='word_1_168' title='bbox 460 2855 493 2918; x_wconf 89' lang='lat' dir='ltr'>e!</span> <span class='ocrx_word' id='word_1_169' title='bbox 511 2851 641 2933; x_wconf 78' lang='lat' dir='ltr'>sepositis</span> <span class='ocrx_word' id='word_1_170' title='bbox 656 2869 726 2915; x_wconf 88' lang='lat' dir='ltr'>mea</span> <span class='ocrx_word' id='word_1_171' title='bbox 743 2870 831 2918; x_wconf 87' lang='lat' dir='ltr'>mens</span> <span class='ocrx_word' id='word_1_172' title='bbox 848 2871 931 2918; x_wconf 92' lang='lat' dir='ltr'>nunc</span> <span class='ocrx_word' id='word_1_173' title='bbox 950 2853 1049 2939; x_wconf 91' lang='lat' dir='ltr'>incipe</span> <span class='ocrx_word' id='word_1_174' title='bbox 1066 2859 1148 2923; x_wconf 89' lang='lat' dir='ltr'>curis</span> <span class='ocrx_word' id='word_1_175' title='bbox 1186 2873 1195 2886; x_wconf 91' lang='lat'><strong>·</strong></span> 
     </span>
     <span class='ocr_line' id='line_1_28' title="bbox 289 2933 1184 3021; baseline -0.003 -15"><span class='ocrx_word' id='word_1_176' title='bbox 289 2936 419 3006; x_wconf 88' lang='lat' dir='ltr'>Ducere</span> <span class='ocrx_word' id='word_1_177' title='bbox 449 2934 574 3001; x_wconf 82' lang='lat' dir='ltr'>ollieita</span> <span class='ocrx_word' id='word_1_178' title='bbox 586 2933 952 3021; x_wconf 83' lang='lat' dir='ltr'>jucundaobliviavira:</span> <span class='ocrx_word' id='word_1_179' title='bbox 988 3010 990 3015; x_wconf 51' lang='grc'><strong>,</strong></span> <span class='ocrx_word' id='word_1_180' title='bbox 1180 2934 1184 2942; x_wconf 79' lang='grc'><strong>“</strong></span> 
     </span>
     <span class='ocr_line' id='line_1_29' title="bbox 291 3014 1052 3106; baseline 0 -19"><span class='ocrx_word' id='word_1_181' title='bbox 291 3021 394 3104; x_wconf 87' lang='lat' dir='ltr'>Carpe</span> <span class='ocrx_word' id='word_1_182' title='bbox 409 3023 581 3101; x_wconf 85' lang='lat' dir='ltr'>voluptates</span> <span class='ocrx_word' id='word_1_183' title='bbox 600 3014 714 3102; x_wconf 57' lang='lat' dir='ltr'>variae,</span> <span class='ocrx_word' id='word_1_184' title='bbox 730 3038 807 3102; x_wconf 89' lang='lat' dir='ltr'>quas</span> <span class='ocrx_word' id='word_1_185' title='bbox 822 3035 902 3086; x_wconf 86' lang='lat' dir='ltr'>terra</span> <span class='ocrx_word' id='word_1_186' title='bbox 919 3020 1052 3106; x_wconf 87' lang='lat' dir='ltr'>benigno</span> 
     </span>
     <span class='ocr_line' id='line_1_30' title="bbox 290 3101 1106 3187; baseline 0 -15"><span class='ocrx_word' id='word_1_187' title='bbox 290 3103 416 3172; x_wconf 86' lang='lat' dir='ltr'>Sufficit</span> <span class='ocrx_word' id='word_1_188' title='bbox 429 3106 514 3166; x_wconf 84' lang='lat' dir='ltr'>alma</span> <span class='ocrx_word' id='word_1_189' title='bbox 530 3103 609 3182; x_wconf 86' lang='lat' dir='ltr'>srnu;</span> <span class='ocrx_word' id='word_1_190' title='bbox 630 3104 820 3186; x_wconf 85' lang='lat' dir='ltr'>dulcemque</span> <span class='ocrx_word' id='word_1_191' title='bbox 835 3101 1020 3187; x_wconf 73' lang='lat' dir='ltr'>amplesiere</span> <span class='ocrx_word' id='word_1_192' title='bbox 1035 3121 1106 3172; x_wconf 90' lang='lat' dir='ltr'>toto</span> 
     </span>
     <span class='ocr_line' id='line_1_31' title="bbox 294 3185 1002 3273; baseline 0.001 -22"><span class='ocrx_word' id='word_1_193' title='bbox 294 3187 424 3254; x_wconf 72' lang='lat' dir='ltr'>Pectore</span> <span class='ocrx_word' id='word_1_194' title='bbox 440 3185 589 3270; x_wconf 63' lang='lat' dir='ltr'>lotitiam,</span> <span class='ocrx_word' id='word_1_195' title='bbox 607 3186 690 3253; x_wconf 86' lang='lat' dir='ltr'>ludis</span> <span class='ocrx_word' id='word_1_196' title='bbox 705 3186 845 3270; x_wconf 88' lang='lat' dir='ltr'>adaperta</span> <span class='ocrx_word' id='word_1_197' title='bbox 859 3186 1002 3273; x_wconf 82' lang='lat' dir='ltr'>jocisque</span> 
     </span>
     <span class='ocr_line' id='line_1_32' title="bbox 293 3269 1041 3354; baseline -0.001 -16"><span class='ocrx_word' id='word_1_198' title='bbox 293 3269 387 3339; x_wconf 90' lang='lat' dir='ltr'>Porta</span> <span class='ocrx_word' id='word_1_199' title='bbox 404 3271 495 3354; x_wconf 49' lang='lat' dir='ltr'>sits&amp;</span> <span class='ocrx_word' id='word_1_200' title='bbox 512 3269 589 3335; x_wconf 82' lang='lat' dir='ltr'>laxis</span> <span class='ocrx_word' id='word_1_201' title='bbox 604 3269 669 3336; x_wconf 75' lang='lat' dir='ltr'>latd</span> <span class='ocrx_word' id='word_1_202' title='bbox 683 3269 884 3354; x_wconf 79' lang='lat' dir='ltr'>exspatientur</span> <span class='ocrx_word' id='word_1_203' title='bbox 901 3269 1041 3337; x_wconf 86' lang='lat' dir='ltr'>habenis:</span> 
     </span>
     <span class='ocr_line' id='line_1_33' title="bbox 293 3351 1148 3421; baseline -0.002 -1"><span class='ocrx_word' id='word_1_204' title='bbox 293 3351 392 3420; x_wconf 89' lang='lat' dir='ltr'>Tunc</span> <span class='ocrx_word' id='word_1_205' title='bbox 411 3353 485 3418; x_wconf 91' lang='lat' dir='ltr'>mihi</span> <span class='ocrx_word' id='word_1_206' title='bbox 499 3353 667 3419; x_wconf 81' lang='lat' dir='ltr'>sollicitam</span> <span class='ocrx_word' id='word_1_207' title='bbox 683 3354 772 3418; x_wconf 85' lang='lat' dir='ltr'>mille</span> <span class='ocrx_word' id='word_1_208' title='bbox 788 3351 996 3420; x_wconf 71' lang='lat' dir='ltr'>oblesiamina</span> <span class='ocrx_word' id='word_1_209' title='bbox 1010 3368 1148 3421; x_wconf 86' lang='lat' dir='ltr'>mentem</span> 
     </span>
     <span class='ocr_line' id='line_1_34' title="bbox 290 3432 1192 3522; baseline 0.006 -19"><span class='ocrx_word' id='word_1_210' title='bbox 290 3436 486 3522; x_wconf 58' lang='lat' dir='ltr'>Exhilarant,</span> <span class='ocrx_word' id='word_1_211' title='bbox 499 3435 644 3520; x_wconf 61' lang='lat' dir='ltr'>unimus</span> <span class='ocrx_word' id='word_1_212' title='bbox 659 3436 804 3503; x_wconf 86' lang='lat' dir='ltr'>animum</span> <span class='ocrx_word' id='word_1_213' title='bbox 816 3437 988 3514; x_wconf 86' lang='lat' dir='ltr'>dulcedine</span> <span class='ocrx_word' id='word_1_214' title='bbox 998 3442 1157 3508; x_wconf 86' lang='lat' dir='ltr'>mulcent:</span> <span class='ocrx_word' id='word_1_215' title='bbox 1189 3432 1192 3439; x_wconf 72' lang='grc'><strong>’</strong></span> 
     </span>
     <span class='ocr_line' id='line_1_35' title="bbox 292 3519 1117 3674; baseline 0 -86"><span class='ocrx_word' id='word_1_216' title='bbox 292 3520 381 3674; x_wconf 62' lang='lat' dir='ltr'>guid</span> <span class='ocrx_word' id='word_1_217' title='bbox 398 3536 502 3588; x_wconf 89' lang='lat' dir='ltr'>tamen</span> <span class='ocrx_word' id='word_1_218' title='bbox 517 3519 587 3586; x_wconf 86' lang='lat' dir='ltr'>inde</span> <span class='ocrx_word' id='word_1_219' title='bbox 603 3520 675 3586; x_wconf 85' lang='lat' dir='ltr'>boni</span> <span class='ocrx_word' id='word_1_220' title='bbox 692 3521 818 3587; x_wconf 87' lang='lat' dir='ltr'>tulerim</span> <span class='ocrx_word' id='word_1_221' title='bbox 834 3522 855 3586; x_wconf 82' lang='lat' dir='ltr'><strong>fi</strong></span> <span class='ocrx_word' id='word_1_222' title='bbox 870 3519 952 3587; x_wconf 71' lang='lat' dir='ltr'>forte</span> <span class='ocrx_word' id='word_1_223' title='bbox 970 3522 1117 3620; x_wconf 72' lang='lat' dir='ltr'>rogabisp</span> 
     </span>
    </p>

    <p class='ocr_par' dir='ltr' id='par_1_7' title="bbox 330 3602 1100 3688">
     <span class='ocr_line' id='line_1_36' title="bbox 330 3602 1100 3688; baseline 0.001 -16"><span class='ocrx_word' id='word_1_224' title='bbox 330 3604 502 3688; x_wconf 74' lang='lat' dir='ltr'>ebriaque,</span> <span class='ocrx_word' id='word_1_225' title='bbox 516 3602 657 3688; x_wconf 79' lang='lat' dir='ltr'>jurique,</span> <span class='ocrx_word' id='word_1_226' title='bbox 671 3604 702 3672; x_wconf 71' lang='lat' dir='ltr'>a</span> <span class='ocrx_word' id='word_1_227' title='bbox 719 3625 788 3688; x_wconf 81' lang='lat' dir='ltr'>qua</span> <span class='ocrx_word' id='word_1_228' title='bbox 803 3603 858 3669; x_wconf 89' lang='lat' dir='ltr'>ribi</span> <span class='ocrx_word' id='word_1_229' title='bbox 874 3604 936 3670; x_wconf 87' lang='lat' dir='ltr'>vita</span> <span class='ocrx_word' id='word_1_230' title='bbox 951 3605 1100 3673; x_wconf 80' lang='lat' dir='ltr'>ministrat</span> 
     </span>
    </p>

    <p class='ocr_par' dir='ltr' id='par_1_8' title="bbox 137 3686 1160 4029">
     <span class='ocr_line' id='line_1_37' title="bbox 290 3686 1120 3775; baseline 0 -21"><span class='ocrx_word' id='word_1_231' title='bbox 290 3690 417 3770; x_wconf 78' lang='lat' dir='ltr'>Gaudia</span> <span class='ocrx_word' id='word_1_232' title='bbox 425 3686 540 3755; x_wconf 75' lang='lat' dir='ltr'>eunus</span> <span class='ocrx_word' id='word_1_233' title='bbox 549 3688 651 3770; x_wconf 80' lang='lat' dir='ltr'>simul,</span> <span class='ocrx_word' id='word_1_234' title='bbox 665 3689 686 3753; x_wconf 81' lang='lat' dir='ltr'>l</span> <span class='ocrx_word' id='word_1_235' title='bbox 703 3705 939 3775; x_wconf 77' lang='lat' dir='ltr'>congereremus</span> <span class='ocrx_word' id='word_1_236' title='bbox 954 3687 987 3753; x_wconf 90' lang='lat' dir='ltr'>in</span> <span class='ocrx_word' id='word_1_237' title='bbox 1002 3707 1102 3755; x_wconf 90' lang='lat' dir='ltr'>unum</span> <span class='ocrx_word' id='word_1_238' title='bbox 1118 3732 1120 3738; x_wconf 43' lang='grc' dir='ltr'>ι</span> 
     </span>
     <span class='ocr_line' id='line_1_38' title="bbox 286 3739 1160 3860; baseline 0.002 -23"><span class='ocrx_word' id='word_1_239' title='bbox 286 3771 348 3838; x_wconf 82' lang='lat' dir='ltr'>Nu</span> <span class='ocrx_word' id='word_1_240' title='bbox 365 3772 456 3840; x_wconf 78' lang='lat' dir='ltr'>sonu</span> <span class='ocrx_word' id='word_1_241' title='bbox 473 3772 518 3840; x_wconf 75' lang='lat' dir='ltr'>us</span> <span class='ocrx_word' id='word_1_242' title='bbox 534 3771 662 3855; x_wconf 70' lang='lat' dir='ltr'>constat,</span> <span class='ocrx_word' id='word_1_243' title='bbox 677 3771 752 3853; x_wconf 12' lang='lat' dir='ltr'>&#39;sunt</span> <span class='ocrx_word' id='word_1_244' title='bbox 767 3791 846 3838; x_wconf 74' lang='lat' dir='ltr'>vana</span> <span class='ocrx_word' id='word_1_245' title='bbox 861 3773 891 3838; x_wconf 82' lang='lat' dir='ltr'>u</span> <span class='ocrx_word' id='word_1_246' title='bbox 905 3771 1007 3855; x_wconf 68' lang='lat' dir='ltr'>snam</span> <span class='ocrx_word' id='word_1_247' title='bbox 1023 3739 1160 3860; x_wconf 67' lang='lat' dir='ltr'>prorius,</span> 
     </span>
     <span class='ocr_line' id='line_1_39' title="bbox 287 3853 1153 3938; baseline 0.002 -16"><span class='ocrx_word' id='word_1_248' title='bbox 287 3855 372 3922; x_wconf 87' lang='lat' dir='ltr'>Sunt</span> <span class='ocrx_word' id='word_1_249' title='bbox 383 3857 499 3923; x_wconf 83' lang='lat' dir='ltr'>levibus</span> <span class='ocrx_word' id='word_1_250' title='bbox 510 3855 607 3921; x_wconf 79' lang='lat' dir='ltr'>ventis</span> <span class='ocrx_word' id='word_1_251' title='bbox 623 3857 808 3938; x_wconf 84' lang='lat' dir='ltr'>volucrique</span> <span class='ocrx_word' id='word_1_252' title='bbox 824 3855 980 3921; x_wconf 80' lang='lat' dir='ltr'>smillima</span> <span class='ocrx_word' id='word_1_253' title='bbox 995 3853 1125 3924; x_wconf 56' lang='lat' dir='ltr'>sonmo«</span> <span class='ocrx_word' id='word_1_254' title='bbox 1150 3868 1153 3872; x_wconf 77' lang='grc'><em>’</em></span> 
     </span>
     <span class='ocr_line' id='line_1_40' title="bbox 137 3934 1072 4029; baseline 0.003 -22"><span class='ocrx_word' id='word_1_255' title='bbox 137 3997 139 4007; x_wconf 71' lang='grc'>,</span> <span class='ocrx_word' id='word_1_256' title='bbox 245 3959 266 4009; x_wconf 78' lang='lat' dir='ltr'>a</span> <span class='ocrx_word' id='word_1_257' title='bbox 286 3936 373 4029; x_wconf 76' lang='lat' dir='ltr'>Ergo</span> <span class='ocrx_word' id='word_1_258' title='bbox 387 3939 464 4008; x_wconf 83' lang='lat' dir='ltr'>milri</span> <span class='ocrx_word' id='word_1_259' title='bbox 478 3937 591 4007; x_wconf 71' lang='lat' dir='ltr'>mento</span> <span class='ocrx_word' id='word_1_260' title='bbox 609 3939 704 4009; x_wconf 71' lang='lat' dir='ltr'>neira</span> <span class='ocrx_word' id='word_1_261' title='bbox 719 3940 760 4006; x_wconf 82' lang='lat' dir='ltr'>fic</span> <span class='ocrx_word' id='word_1_262' title='bbox 776 3954 882 4009; x_wconf 81' lang='lat' dir='ltr'>niente</span> <span class='ocrx_word' id='word_1_263' title='bbox 898 3934 1048 4024; x_wconf 81' lang='lat' dir='ltr'>loquebar</span> <span class='ocrx_word' id='word_1_264' title='bbox 1055 3947 1072 4010; x_wconf 76' lang='grc' dir='ltr'>ε’</span> 
     </span>
    </p>
   </div>
   <div class='ocr_carea' id='block_1_5' title="bbox 1117 4019 1205 4109">
    <p class='ocr_par' dir='ltr' id='par_1_9' title="bbox 1117 4019 1205 4109">
     <span class='ocr_line' id='line_1_41' title="bbox 1117 4019 1205 4109; baseline 0.023 -21"><span class='ocrx_word' id='word_1_265' title='bbox 1117 4019 1205 4109; x_wconf 87' lang='lat' dir='ltr'>Quid</span> 
     </span>
    </p>
   </div>
   <div class='ocr_carea' id='block_1_6' title="bbox 0 0 1404 4800">
    <p class='ocr_par' dir='ltr' id='par_1_10' title="bbox 0 0 1404 4800">
     <span class='ocr_line' id='line_1_42' title="bbox 0 0 1404 4800; baseline 0 0"><span class='ocrx_word' id='word_1_266' title='bbox 0 0 1404 4800; x_wconf 95' lang='lat' dir='ltr'> </span> 
     </span>
    </p>
   </div>
  </div>
 </body>
</html>
