2792 4800
533 400 566 476 C
590 397 626 476 A
650 403 691 481 Ρ.
743 405 857 495 XXI.

174 568 177 577 ·
236 541 358 629 5Hac
376 537 407 603 iu
424 536 546 602 latebris
568 533 701 621 pedoris
723 537 825 610 intimi
949 532 952 537 ’

276 622 359 710 Qua
371 621 444 687 dico
458 621 547 688 vobis
570 620 674 704 quaeso
694 624 869 695 recondite:

352 704 484 772 Manere
500 704 579 771 dum
595 723 709 803 monuo
729 709 858 777 latentes

392 789 527 867 Attoniti
550 788 698 871 tacrtique
714 791 841 859 caunas..

230 877 252 945 6
271 874 351 944 Hac
369 891 421 944 me
437 876 631 942 volutantem
646 873 678 937 in
699 873 797 961 tacito
814 876 881 948 fiuu

271 958 513 1027 Miraculorum
529 955 629 1023 millia
642 954 782 1026 millium
976 960 977 965 ’

346 1038 610 1122 circumstrepunt
621 1053 719 1112 terror
740 1061 907 1133 pavorque,

409 1123 450 1190 Et
466 1123 582 1188 miseris
599 1124 740 1205 quatiunt
761 1127 875 1214 figuris.

233 1226 253 1295 7
275 1204 344 1273 Cur
361 1206 403 1271 ad
418 1204 577 1275 seuedlam
589 1207 698 1292 sapius¹
714 1209 863 1277 ultimam
993 1270 996 1277 .

271 1292 380 1359 *Fata
399 1291 611 1374 improborum
626 1299 771 1374 ,tempora
781 1297 978 1376 protrahunt?

350 1372 418 1439 Cur
435 1376 525 1458 plebe
535 1374 680 1458 stipantur
693 1375 859 1460 orientum,

384 1459 558 1527 Innumeris
578 1456 686 1557 opibus
699 1460 867 1543 potentes?

229 1540 249 1612 8
270 1537 420 1608 Pulcram
437 1541 559 1624 pereuni
576 1540 663 1625 stupe
676 1543 878 1631 propaginem

270 1628 298 1693 F
299 1630 400 1691 lorere
416 1639 566 1698 cernunt:
591 1639 685 1709 atque
704 1626 892 1715 videntibus,
1057 1685 1061 1693 .

348 1706 589 1790 vigentibusque
609 1723 720 1781 aterna
734 1706 876 1782 crescu‘
997 1716 1000 1723 ‘

383 1791 410 1855 F
413 1793 546 1859 ettilium
565 1792 656 1861 sterias
672 1809 832 1875 nepotum.

226 1893 249 1960 9
269 1871 351 1939 Non
368 1874 410 1938 est
427 1873 582 1943 medullas
599 1872 757 1944 lodiucus
774 1876 879 1963 dolon,

270 1956 347 2024 Nec
371 1957 468 2023 corda
487 1973 628 2044 pungunt
646 1956 892 2048 sollicitudines:

347 2037 424 2115 Nec
446 2043 575 2107 morbus
590 2042 622 2108 in
634 2057 741 2141 postas.
755 2063 869 2127 eortuu
949 2091 952 2097 ·

390 2121 555 2192 Lethiferis
572 2140 657 2201 vemt
684 2196 686 2201 ,
719 2146 758 2197 us
778 2128 850 2204 alis.

205 2233 249 2287 to
270 2210 324 2279 Ut
332 2228 431 2278 vacca
445 2225 531 2295 tergo
547 2209 685 2283 sustinuit
714 2229 760 2280 uo
828 2231 830 2236 ⁴

267 2293 414 2361 Taurum
426 2293 572 2378 salacem,
592 2313 669 2381 mou
684 2310 789 2381 uterus
806 2305 907 2377 tumet

347 2378 442 2444 Foetu
458 2382 586 2463 tenello,
604 2400 663 2448 nec
686 2380 807 2452 laborat

383 2462 479 2531 Hunc
490 2459 590 2526 studio
597 2462 738 2544 pariendi·
758 2463 854 2530 inani.

204 2571 242 2625 ιι
270 2546 359 2611 Grex
378 2544 550 2607 liberorum
563 2541 756 2631 progreditur
772 2541 871 2630 foras,

269 2627 374 2695 Latis
390 2647 427 2690 ue
443 2626 544 2708 pulsat
559 2623 655 2724 iidera
671 2626 824 2725 cautibus,

381 2707 906 2891 mou

210 2903 249 2955 12
270 2880 312 2947 Et
330 2896 405 2943 cum
423 2897 543 2942 canons
560 2897 674 2962 organa
689 2877 858 2963 tympanis

270 2964 396 3030 Pulsate
412 2960 507 3025 dodio
522 2962 639 3043 pollice
652 2961 792 3048 gestiunt,

346 3043 560 3125 Moellamque
576 3044 658 3109 curis
673 3042 870 3129 degravatum

387 3126 522 3194 Deliciis
542 3130 677 3202 relevare
698 3140 848 3192 mentem.

206 3238 247 3303 13
268 3212 357 3280 Tam
372 3216 442 3277 laxa
457 3209 580 3276 tradunt
594 3209 681 3277 frena
695 3209 828 3296 libidini,

268 3297 357 3363 Tam
378 3292 496 3360 blanda'
505 3294 619 3381 degunt
636 3294 776 3358 molliter
793 3293 867 3376 otia⁴

349 3380 401 3447 Ut
416 3383 509 3466 longa
525 3392 687 3445 momento
702 3374 830 3446 seneuae
1066 3457 1069 3462 4

383 3460 544 3546 Tempora
558 3465 609 3532 vel
627 3462 766 3530 breviora
782 3457 920 3531 credant,
1017 3469 1020 3474 '

205 3571 249 3637 μ
270 3549 395 3616 Idcirco
412 3548 541 3614 dicunt:
561 3546 633 3614 hine
649 3548 773 3631 procul,
790 3542 812 3609 d
829 3540 934 3613 Deus!

269 3634 298 3699 F
299 3632 408 3714 accire,
428 3630 534 3696 nostris
558 3628 658 3696 define
673 3631 827 3697 mentrlrus

347 3714 464 3784 inferre
478 3715 556 3797 vim,
575 3717 743 3863 legumtffe
758 3711 857 3807 duris·

388 3798 538 3872 Circuma
558 3818 612 3864 ens
630 3798 692 3863 inhi
715 3816 765 3869 ere
779 3792 884 3870 fremo
1153 3868 1160 3885 ‚

457 3920 460 3927 ι
606 3897 665 3960 ts.
1039 3889 1078 3961 15
1098 3866 1183 3958 Qurd

237 4053 265 4169 ’ξ
285 4070 353 4149 Per
367 4066 500 4145 Fatabit
512 4029 872 4172 taeitigepro'v'laaaaa
883 4053 1037 4144 'titiam
