2792 4800
208 414 285 507 μς
465 382 984 467 Bcuafiulmlr.

278 524 414 614 injiciet,
431 512 593 611 terrorque
606 524 692 592 viam
707 524 860 620 spargetur
875 525 908 592 in
924 542 1067 612 ornnem,
1084 584 1087 590 .

275 608 411 680 Fervida
432 608 509 676 crim
526 609 649 694 rapidos
667 611 871 679 circumvenit
887 615 1006 697 ungula
1023 616 1153 682 currunt

276 691 371 851 Korn
385 712 477 783 grate
492 698 543 760 vel
567 693 733 761 minimam
748 694 840 763 fuerit
856 709 977 780 portare
995 694 1153 785 ciendum,

314 795 388 864 tque
406 776 532 870 cupido,
548 778 806 846 animumsolitus
823 780 990 864 stimulare,
1005 780 1171 873 relinquen

161 940 164 946 ,
298 881 415 947 umque
428 861 563 929 domurn
597 864 696 929 enitor
714 866 839 943 mortali
857 862 876 929 ὲ
894 862 981 948 stirpe
996 882 1161 947 perennent

295 944 463 1040 ngreditur,
481 883 656 1030 planique
671 963 778 1035 tegunt
794 950 845 1034 pia
857 945 1134 1033 turbadolenrtim,

265 1028 471 1108 ,Exanimum
481 1030 642 1108 ,comitans
659 1031 698 1093 ad
715 1032 807 1098 tristia
824 1032 909 1099 busta
924 1031 1069 1121 cadaver,

279 1112 323 1185 Et
336 1118 454 1180 luteam
469 1113 574 1199 gelido
591 1112 719 1183 mulsam
735 1115 910 1201 impofitora
919 1116 1077 1199 sepulcro.

237 1197 261 1264 6
278 1196 454 1267 ‘Autiorem
467 1197 543 1286 ergo
561 1213 652 1266 tuum
668 1197 768 1267 colito
781 1206 881 1284 nunc,
900 1199 979 1267 dum
994 1200 1049 1265 tibi
1059 1199 1157 1268 dulcis

280 1282 358 1352 Vita
374 1298 466 1348 mane
509 1300 567 1349 nec
584 1282 663 1347 dum
678 1282 757 1348 nivei
776 1302 931 1371 compago
947 1283 1068 1349 metalli

280 1365 430 1466 Juouudo
445 1297 575 1454 religans
593 1368 730 1465 animam
747 1372 824 1434 cu'm
840 1388 971 1466 corpore
988 1334 1082 1454 nexu:

280 1450 431 1536 Soltrtur,
451 1465 543 1533 atque
559 1452 642 1516 leves
658 1464 776 1532 pellitus
791 1452 928 1518 vanescit
943 1469 975 1516 m
990 1469 1096 1521 auras:

278 1532 356 1603 Nec
373 1536 485 1621 globus
503 1535 568 1618 ille,
588 1538 695 1600 oleum
711 1534 788 1601 vitai
803 1534 937 1619 lampadi
955 1534 1098 1633 subdens,

281 1618 419 1700 Aureus,
439 1616 557 1683 affiduo
573 1632 783 1701 contorquens
800 1620 917 1685 vortice
937 1620 1053 1684 flumen

281 1698 457 1788 Sanguinis,
478 1701 507 1767 ἀ
524 1700 681 1784 liquidum
697 1699 814 1769 faciens
837 1703 870 1768 in
886 1712 1015 1784 'corpore
1031 1717 1146 1796 gyrum,

279 1784 461 1868 Rumpitur,
481 1797 658 1868 utneqneat
672 1784 779 1852 solitos
801 1786 908 1852 iterare
925 1785 1082 1877 recursus:
1132 1787 1133 1790 ’

280 1866 359 1935 Nec
374 1865 474 1934 fracia
487 1868 531 1935 est
547 1868 654 1943 medio
669 1866 764 1935 fontir
780 1868 913 1936 salientis
931 1870 962 1934 in
978 1872 1070 1934 alveo

282 1951 391 2039 Urna,
406 1971 465 2019 nec
483 1967 517 2018 ur
534 1952 668 2035 liquidas
682 1968 750 2018 rota
767 1954 875 2020 flexilis
885 1953 1014 2019 extrahit
1030 1951 1125 2016 undat

242 2052 262 2125 7
282 2035 431 2110 cinara.
475 2034 562 2103 Ciuis
579 2036 612 2101 in
627 2036 765 2103 cinerem
781 2052 855 2102 tunc
870 2037 975 2101 versus
993 2036 1110 2101 abibit:

282 2118 317 2188 T
387 2117 467 2188 ''vetb
484 2118 646 2186 ethereum
669 2132 782 2204 repetet
797 2137 886 2185 mens
902 2119 965 2204 ipsa
981 2133 1145 2200 parentem,

282 2204 322 2274 U
367 2223 386 2268 e
401 2216 489 2271 ortus
505 2200 576 2271 tulit
591 2200 647 2269 itta
661 2200 754 2275 suos:
775 2216 810 2270 ut
825 2204 950 2288 premia
964 2201 1035 2267 vita

281 2285 331 2445 gi
406 2284 484 2365 ferat
499 2286 564 2372 post
577 2283 643 2361 feta
657 2286 740 2383 {nau
760 2285 927 2372 sedemque
944 2285 1060 2357 tenebit

274 2383 276 2390 '
313 2373 320 2389 ’
343 2384 459 2457 ercam,
470 2386 523 2440 aut
538 2370 658 2461 stygio
672 2368 770 2461 fugiet
786 2371 931 2456 damnata
944 2363 1001 2464 iub
1018 2370 1147 2439 umbras.

242 2455 265 2528 8
286 2457 321 2527 O
337 2467 427 2528 curas
444 2457 622 2526 hominum!
645 2453 682 2525 O
696 2471 849 2542 quantum
859 2459 901 2524 est
918 2457 950 2524 in
961 2457 1052 2545 rebus
1069 2446 1167 2546 inanei

286 2542 359 2623 (Sic
374 2544 442 2628 pius
464 2541 640 2614 admonitor
656 2544 789 2627 clamat)
806 2543 849 2608 nil
861 2549 966 2628 prater
982 2541 1071 2623 inane
1162 2616 1166 2629 Ι

246 2639 269 2714 9
286 2625 433 2694 Mundus
449 2625 548 2691 habet.
576 2623 649 2691 Pius
666 2626 854 2709 admonitor,
871 2627 945 2708 quia
961 2639 1064 2690 mente
1079 2623 1168 2706 sagaci

285 2709 434 2779 Praedituc
451 2706 599 2789 inseruit,
616 2713 768 2791 populum
786 2715 931 2791 preclara
948 2709 1081 2773 docebat

286 2791 438 2874 Plurima,
448 2789 681 2872 constanterque
697 2791 749 2890 pio
764 2791 905 2859 sermone
922 2793 1090 2872 monebat3

286 2875 459 2957 Multaque
477 2873 605 2958 collegit
622 2873 708 2960 vigili
724 2877 883 2957 proverbia
904 2877 992 2960 curi,

290 2959 404 3030 Soletti
420 2959 553 3025 intentus
569 2955 679 3038 nodio,
695 2956 831 3024 oollecia
847 2960 963 3025 locavit

229 3061 271 3113 ro
291 3043 412 3116 Ordine
428 3039 542 3108 canna
555 3041 633 3108 suo:
655 3043 742 3128 Quin
759 3044 788 3108 &
805 3043 964 3110 lenitura
982 3044 1074 3108 verba

291 3125 447 3212 Quaesivit,
465 3126 586 3209 quesita
601 3125 684 3209 typis
695 3127 864 3210 mandavit,
880 3143 914 3192 ut
931 3145 1040 3191 omnes

290 3209 452 3293 letitiam,
467 3207 608 3291 rectique·
620 3208 717 3295 viam,
736 3209 853 3274 servare
869 3211 1006 3277 doceret.

229 3313 264 3371 rr
289 3291 466 3362 Allimilare
482 3297 576 3376 queas
599 3291 770 3376 sapientum
786 3293 868 3358 dieta
884 3295 1026 3397 flagellis,

290 3379 399 3446 Vitare
413 3395 541 3466 errores,
560 3374 678 3441 reiltun
702 3396 740 3440 ue
756 3375 906 3461 capeffere
923 3380 1051 3459 callem,

292 3461 506 3539 Instimulant3
528 3462 636 3526 clavos
651 3460 668 3526 'r
718 3474 788 3526 runt
805 3461 868 3526 hoc
884 3461 893 3524 i
916 3461 948 3526 sa
963 3461 1105 3542 trabales,

290 3545 462 3615 Artificum
478 3543 557 3609 fixos
573 3538 728 3628 manibus,
749 3544 801 3626 qui
813 3481 933 3629 proriirs
950 3546 988 3612 ab
1007 3562 1072 3608 uno

289 3628 432 3714 Principe
447 3626 641 3711 dependent:
662 3626 777 3692 etenim
789 3629 829 3694 lic
847 3631 939 3694 verba
953 3628 1097 3702 virorum,

288 3709 481 3784 Prudentum
496 3711 599 3778 delixa
613 3711 723 3777 animis
746 3712 917 3779 constanter
935 3712 1089 3784 inherent.

228 3817 269 3876 ra
291 3797 375 3863 Hinc
393 3797 448 3864 tibi
462 3795 604 3862 desumas
621 3795 770 3877 monitor,
790 3795 965 3864 dulcilsune
984 3796 1052 3862 fili!

289 3880 388 3963 Queis
402 3880 500 3947 vitam
514 3876 675 3945 moderere
691 3894 788 3958 tuam,
809 3898 846 3945 ne
863 3879 983 3946 tramite
998 3876 1085 3943 reno

287 3961 409 4040 Devius
423 3982 509 4035 error
524 3977 616 4054 agat:
635 3962 799 4037 hominum
814 3964 981 4047 persecula
991 3968 1203 4118 ρςεηὲξιςηήδεῃι
