2792 4800
346 414 567 509 Hypermaras
594 416 804 511 Medicaster.
961 494 964 503 ,
1043 443 1115 517 491

141 552 233 626 Vidit
248 553 474 703 Hygermorus,
484 554 604 622 Batavis
615 570 690 622 tunc
708 557 814 640 hospes
831 556 861 621 in
877 556 951 643 oris,
1070 638 1074 650 .

85 664 94 686 ·
185 639 227 706 Et
244 658 296 702 me
319 640 365 706 ici
384 640 494 706 saevam
509 641 626 723 depulit
640 657 703 704 arte
721 648 815 706 luem.

143 718 243 792 Fama
253 727 354 792 volat:
376 723 499 790 Medici
516 725 554 788 ad
565 724 661 789 limen
675 727 742 789 fluit
753 727 888 806 undique
897 726 1026 810 vulgur;

187 806 341 889 Undique
359 808 516 892 lymphati,
535 810 623 873 turba
637 808 772 872 timenda
799 822 901 874 ruunt.

141 891 238 959 Haud
255 894 344 955 aliter
360 894 482 958 circum
499 895 708 977 glomerantur
724 860 804 959 tedia
824 896 980 978 volucres,

184 970 266 1039 Non
281 975 453 1058 exspedrato
469 978 545 1040 cum
563 978 621 1041 ruit
643 977 746 1040 imbre⁴
756 974 875 1041 Notus.

142 1056 216 1125 Pars
233 1056 338 1124 fremit
353 1077 423 1125 ante
438 1059 532 1142 fores,
553 1079 620 1141 pars
635 1060 713 1124 intra
727 1060 846 1143 limina,
863 1076 958 1125 terror

184 1142 270 1208 Hinc
286 1145 470 1227 atquehinc,
491 1144 590 1207 horret
607 1159 671 1207 tota
692 1141 796 1207 futore
812 1144 936 1209 domus.

141 1223 241 1289 Parva
251 1228 397 1314 Lycaonia
413 1245 594 1310 rumpuntur
611 1225 690 1292 tedia
701 1230 849 1311 tumultu,

183 1309 304 1389 Jurares
318 1311 436 1408 Stygias
453 1309 504 1375 hic
524 1310 654 1376 habitare
669 1330 773 1375 canet.

140 1393 354 1479 Quicumque
371 1396 547 1481 ingreditur,
565 1394 645 1457 rabie
661 1414 735 1478 gens
746 1393 839 1459 effera
854 1392 971 1474 semper

183 1478 211 1542 It
229 1494 348 1560 comes,
364 1480 394 1544 dr
411 1479 524 1542 medici
541 1476 659 1541 claudit
676 1494 841 1558 utrumque
863 1482 953 1541 latur.

140 1560 207 1628 Hic
226 1565 337 1643 ululat,
357 1565 467 1627 latrant
485 1562 548 1644 alii,
568 1563 634 1626 fluit
650 1563 793 1626 omnibus
809 1571 884 1625 ater·

184 1641 252 1708 Ore
269 1663 373 1727 cruor,
395 1646 500 1730 passim
515 1645 613 1710 ferrea
628 1646 733 1709 vincla
751 1659 886 1727 crepant.

138 1727 226 1797 Hine
245 1728 286 1791 esl
298 1730 397 1810 prima
414 1730 489 1793 mali
506 1732 600 1813 labes,
621 1730 690 1793 hinc
713 1729 811 1811 prima
827 1724 941 1793 sutoris

183 1809 321 1896 Semina,
337 1813 494 1878 contracta
507 1814 549 1877 est
565 1812 736 1879 transitione
751 1816 829 1875 lues.

139 1891 196 1961 Sic
215 1897 309 1980 lepra,
329 1897 369 1965 fic
387 1898 458 1960 dirae
474 1896 616 1981 spargunt
631 1895 775 1980 contagia
790 1894 898 1978 pestes,

183 1975 225 2044 Et
240 1979 375 2043 scabiem
391 1980 446 2045 toti
463 1978 522 2044 ferr
539 1980 605 2043 ovis
629 1998 688 2043 nna
703 1978 797 2063 gregi.

139 2057 252 2147 Tange
270 2067 366 2145 luem,
386 2064 515 2130 Veneris
533 2083 601 2145 quae
618 2078 718 2145 turget
737 2061 872 2141 nomine,
883 2056 982 2125 tadtus

181 2142 309 2210 Damna
324 2147 424 2228 dabit;
441 2150 539 2230 lippos
556 2147 687 2231 adspice,
711 2147 809 2230 lippus
826 2143 895 2208 eris.

136 2225 202 2294 Sed
220 2230 321 2297 morbi
338 2232 413 2312 quid
431 2233 512 2315 figna
525 2233 623 2313 juvat,
644 2229 718 2310 quid
735 2230 838 2292 dicere
853 2224 983 2306 caussas,

181 2310 304 2377 Paeonia
328 2314 397 2377 tolli
416 2315 435 2378 sr
451 2313 559 2393 nequit
578 2328 642 2376 atre
656 2311 802 2376 malum?
912 2338 919 2348 ·

140 2392 224 2462 Proh
241 2395 348 2464 dolor!
369 2396 421 2463 ista
437 2401 503 2460 lues
520 2416 583 2461 non
600 2395 641 2461 est
654 2392 845 2459 medicabilis
860 2390 971 2473 herbis,

180 2479 249 2562 Ipsa
264 2479 356 2544 suum
374 2481 513 2562 quamvis
532 2481 664 2543 mitterer
681 2478 736 2544 Ida
754 2494 874 2542 nemus.

137 2562 226 2629 Cum
241 2563 380 2644 subeunt,
396 2564 470 2646 pelli
486 2562 605 2645 possunt
621 2561 826 2626 medicamine
842 2556 967 2625 morbi:

179 2645 313 2711 Tollere
329 2647 484 2712 nascentes
501 2647 643 2727 qualibet
658 2646 749 2709 herba
765 2643 869 2729 potest.

138 2729 196 2800 Ast
214 2731 264 2794 ubi
281 2729 364 2796 fabia
379 2750 467 2797 mora
485 2733 537 2814 etl,
556 2731 680 2797 sumunt
697 2725 968 2812 dtemporevire23

182 2812 241 2877 Nil
259 2815 521 2898 tamdidiamnus,
537 2815 580 2878 nil
605 2832 746 2895 panacea
767 2819 863 2897 juvat.

138 2894 214 2963 Nec
235 2899 376 2979 quamvis
392 2898 463 2964 esset
480 2912 572 3003 caput
589 2898 647 2963 hoc
664 2897 797 2962 sanabile
814 2891 929 2976 suecis,

183 2981 343 3047 Annueret
358 2983 486 3046 medicae
504 2982 653 3064 Cynthius
670 2980 777 3045 auotot
793 2979 869 3063 opis.

140 3065 248 3149 Quam
264 3067 374 3148 patitur
385 3081 479 3147 vates,
498 3063 580 3130 facia
597 3065 639 3128 est
656 3065 767 3148 injuria
783 3060 908 3139 Pham

181 3149 244 3214 Hic
262 3167 393 3232 memor,
411 3150 559 3215 &forsan
577 3148 713 3212 criminis
737 3150 819 3211 ultor
836 3145 918 3219 erit:

139 3228 220 3296 Non
236 3232 362 3316 impune
380 3234 450 3298 tulit
466 3233 526 3297 vati
544 3231 628 3314 quod
642 3231 718 3295 fecit
733 3229 869 3313 Atrides,

180 3313 221 3381 Et
236 3316 343 3381 didicit
358 3322 465 3401 longas
481 3315 631 3399 Numinis
646 3314 706 3381 effe
721 3333 842 3379 manus.
862 3386 864 3390 ,
956 3313 961 3322 “

138 3396 221 3465 Non
236 3414 338 3464 tamen
359 3401 420 3481 hic,
436 3417 626 3481 quamquam
642 3398 709 3482 sper
726 3398 767 3462 est
790 3393 915 3461 exclusa
929 3391 1044 3486 salutis,

181 3480 277 3566 AEger
297 3484 498 3566 Apollineam
518 3484 654 3566 spernere
669 3483 759 3545 debet
775 3497 877 3565 opem,

139 3568 229 3651 Quas
248 3567 338 3630 miset
356 3567 493 3650 exspirat,
507 3566 657 3652 fugientes
676 3564 840 3651 naufragus
859 3582 947 3630 auras

183 3648 346 3731 Captat‚&
364 3652 395 3715 in
412 3651 521 3715 mediis
539 3650 659 3715 brachia
678 3647 774 3732 jadiat
790 3647 889 3730 aquis.

138 3731 272 3816 Tollere
291 3735 309 3797 li
328 3749 427 3802 tantos
444 3735 541 3800 nescit
560 3733 714 3798 medicina
734 3731 865 3818 furores,

183 3813 238 3881 Ne
254 3816 341 3897 possit
363 3821 444 3883 virus
462 3818 609 3900 crescere,
624 3815 706 3881 forts:
723 3816 816 3882 dabit.

139 3899 281 3984 ERGO,
291 3906 365 3986 age!
380 3902 564 3986 Hypermori
581 3917 690 3967 curam
707 3901 759 3982 qui
781 3897 859 3964 susci
881 3897 916 3983 is,
937 3914 1064 3970 omnem

179 3982 429 4068 Tollemoram,
450 3985 681 4159 &prombarmst
695 3999 793 4070 potes,
807 3919 893 4053 adige
903 4000 1007 4073 opem.
1026 4061 1059 4155 Q

626 4086 728 4154 qq2
1061 4079 1112 4133 Μ’
