2792 4800
369 370 526 453 CAP.
579 374 782 454 xxxix.
938 487 942 493 ⁴
1006 387 1080 480 2⁶3

349 654 383 736 C
442 660 480 740 A
537 656 581 735 P.
640 657 854 742 XXXIX.

162 839 212 908 Ed
232 841 380 924 quorsum
401 842 512 906 aetherii
530 858 620 905 curas
640 841 838 925 speculamur
852 848 993 933 olympi?

106 848 158 1001 S
184 927 264 993 Fare
281 926 355 989 mihi
367 924 483 1009 solum,
502 945 566 1007 quo
582 923 675 990 dotia
693 929 789 993 leaena
804 932 950 1017 magistro

107 1010 235 1080 Insidias
259 1010 354 1093 struit,
374 1026 408 1073 ut
424 1013 545 1075 catulos
564 1010 678 1074 soletur
695 1011 837 1077 hiantes?

108 1094 212 1162 Unde
228 1095 316 1158 cibus
333 1108 437 1159 manat
454 1094 567 1175 corvis,
588 1092 664 1156 etim
677 1095 779 1161 flebile
797 1097 875 1178 pulli

108 1179 318 1265 Ingeminant,
337 1178 529 1260 poscuntque
544 1178 601 1241 suo
617 1180 757 1243 clamore
768 1177 974 1250 Tonantem?

107 1260 237 1327 Nostin’
252 1266 427 1344 rupicaprae,
444 1262 474 1326 ἃ
492 1280 590 1324 cervae
628 1281 671 1325 uo
686 1277 824 1345 tempore
839 1267 975 1347 primum

108 1345 311 1429 concipiant,
331 1361 445 1426 qttotus
462 1280 732 1408 absumatiastidia
748 1349 858 1412 mensis
877 1350 891 1414 i

109 1432 180 1496 lllae
195 1432 227 1494 vi
246 1429 344 1493 multl
360 1443 483 1511 partum
505 1428 641 1491 nituntur
660 1427 690 1492 in
707 1448 797 1494 auras

109 1512 225 1594 Edere,
246 1512 297 1592 qui
314 1513 436 1595 pinguis.
448 1510 616 1575 detondens
633 1514 745 1593 pabula
762 1515 866 1599 campi

110 1595 279 1679 Luxuriat,
293 1595 445 1676 missique
464 1596 542 1659 colit
557 1595 673 1659 deserta
689 1612 823 1677 patente.

114 1679 259 1745 Vincula
275 1680 342 1760 quis
359 1680 476 1744 soluit?
494 1679 547 1759 qui
563 1678 632 1742 sunt
642 1680 694 1759 qui
713 1681 808 1746 libera
825 1686 912 1748 colla

112 1752 286 1829 Restitusre
302 1782 361 1827 ona
396 1763 441 1827 o?
463 1763 546 1827 solus
565 1763 743 1845 campestria
757 1764 827 1847 juffi

112 1845 220 1911 Testa
236 1848 332 1929 colat,
353 1845 523 1927 lerilelque
540 1864 639 1930 agros,
657 1846 835 1929 desertaque
850 1849 949 1930 salsa;

112 1929 260 1995 Delicias
276 1930 358 1994 utbis
375 1928 463 2012 ridet,
482 1946 656 2010 vocemque
673 1933 792 2013 tyranni

113 2011 199 2078 Non
214 2015 335 2095 metuit,
357 2029 503 2078 montana
525 2013 571 2076 illi
591 2013 659 2077 sunt
674 2014 797 2098 pascua,
818 2033 946 2099 gramen

114 2096 259 2164 Sesiatur
274 2097 381 2179 viride,
400 2097 525 2161 incultis
543 2117 595 2179 per
609 2097 758 2181 inhospita
773 2098 870 2164 terris.

114 2180 352 2248 Rhinocerofire
368 2182 427 2244 ulli
442 2180 578 2246 domitus
601 2180 657 2245 sub
669 2183 804 2264 pondere
815 2184 905 2248 aratri

114 2267 268 2352 Ingemet,
287 2281 340 2329 aut
355 2264 448 2329 rastro
465 2266 570 2350 glebas
587 2264 751 2352 perfringet
764 2267 886 2352 inertes,

114 2346 300 2416 Sulcabitvs
316 2348 400 2412 viam
417 2347 536 2432 Cereri,
561 2362 614 2413 aut
629 2348 715 2432 spem
731 2352 861 2438 colliget
876 2352 948 2415 anni

116 2432 259 2496 Plaustra
277 2431 377 2496 serens
394 2431 510 2496 dorso?
531 2450 608 2495 num
623 2435 677 2497 hos
689 2435 831 2498 robustus
841 2435 873 2498 in
890 2435 964 2501 usus

117 2515 245 2582 Omllii
259 2532 412 2596 pavonem
429 2515 500 2594 alis,
518 2516 629 2593 quibus
650 2517 705 2578 ille
720 2516 878 2597 superbit?

119 2600 187 2666 Aut
203 2598 258 2663 tibi
275 2596 404 2679 depulit
420 2597 564 2661 decorata
580 2597 704 2663 ciconia
722 2598 855 2680 pennis?

119 2684 189 2749 Aut
206 2681 346 2747 struthius
365 2682 462 2763 panfis
478 2697 676 2760 nequaquam>
695 2681 845 2769 inglorius
859 2682 938 2762 alis;

119 2769 201 2834 Haec
217 2765 302 2830 fatua
317 2765 358 2828 eli
373 2764 523 2847 volucris,
543 2763 655 2829 mediis
667 2766 723 2830 sua
739 2766 866 2852 negligit
880 2768 960 2832 arvis

120 2850 209 2935 Ova,
229 2869 286 2912 nec
305 2849 437 2913 incertus
462 2848 577 2911 metuit'
592 2869 631 2926 oe
646 2847 728 2914 forte
747 2851 844 2913 viator

123 2934 286 3015 Contetat,
306 2946 358 2996 aut
379 2948 495 2996 vacuos
512 2931 676 3013 depascens
695 2937 811 3018 ungula
827 2951 977 3015 campos:

121 3017 199 3084 Ova
215 3017 290 3078 mihi
307 3035 399 3097 cute,
419 3014 585 3094 calidoque
598 3013 741 3080 foventur
757 3015 795 3078 ab
818 3017 909 3083 astu:

124 3100 220 3169 Dura
236 3099 347 3162 illaesi
365 3098 493 3182 genitrix
507 3119 517 3174 ;
544 3097 594 3160 sed
613 3117 716 3162 rerum
733 3100 878 3180 providus
895 3097 1003 3167 auslor

124 3184 246 3251 Noluit
262 3182 320 3247 esse
338 3183 441 3264 piam;
463 3182 562 3244 voluit
584 3181 660 3244 crim
680 3182 813 3266 surgeret
828 3185 885 3246 alis

124 3266 286 3334 Temnete
303 3285 421 3346 equum
436 3264 539 3348 cursu,
559 3267 743 3330 &volucres
759 3266 875 3330 sessoris
891 3267 1037 3336 habenast

126 3353 192 3419 Sed
210 3350 279 3432 quis
295 3368 378 3430 equo
392 3352 485 3413 robur
500 3349 614 3430 tribuit,
635 3349 687 3429 qui
705 3349 869 3413 hinnitibus
890 3370 978 3415 auras

126 3432 291 3502 Territat?
312 3433 486 3498 accendunt
502 3433 611 3496 rabidae
628 3433 791 3514 spiramina
806 3452 904 3517 nares,

127 3518 319 3605 Insurgitque
334 3519 428 3599 jubis,
448 3515 566 3580 vastum
584 3518 680 3598 quatit
690 3521 806 3602 ungula
822 3537 979 3605 campum⁷

129 3605 222 3669 Voce
241 3601 324 3664 ciens
343 3599 499 3666 Martem:
521 3619 584 3664 non
598 3603 691 3665 illum
707 3601 825 3682 spicula
840 3617 952 3669 terrent

130 3687 259 3765 Gnofia,
276 3704 333 3747 uec
355 3686 455 3749 rutilis
473 3684 581 3749 ardens
601 3686 803 3749 mucronibus
821 3687 910 3769 ensis,

129 3769 324 3847 Exardetque
341 3769 462 3851 animis,
483 3770 512 3833 ἃ
531 3767 649 3833 Martia
665 3769 802 3850 concipit
818 3787 902 3833 arma

131 3850 294 3918 Terribilis
311 3854 457 3937 clangore
474 3855 570 3930 tubae;
591 3871 668 3916 num
683 3852 759 3914 fecit
775 3853 866 3916 Iobus

130 3935 292 4021 Accipiter
310 3937 428 4004 calidos
446 3953 479 4005 ut
495 3937 586 4005 cursu
605 3935 760 4005 invaderet
778 3935 903 4021 austros,

1064 4013 1108 4105 ‚lt
