2792 4800
552 422 584 495 c
611 419 644 494 n
671 418 710 493 Ρ.
761 422 851 497 vn.
1118 458 1192 535 219

206 551 292 622 Sana
307 548 498 619 salutiferam
513 548 629 629 spirans
648 551 837 633 reprehenso
852 561 980 623 vocem!

206 640 277 704 Cur
294 641 420 705 technas
439 632 548 698 struitis
566 634 645 716 proli
663 636 799 721 genitore
815 639 949 704 carenti?

209 721 252 788 Et
268 722 396 787 foveam
407 717 524 784 ,insonti
542 720 754 800 nequicquam
768 723 873 801 aptatis
890 720 1017 789 amico?

206 806 254 871 At
271 826 356 871 nunc
375 805 478 885 quaeso
494 803 592 871 illhaec
608 802 718 867 animis
739 818 831 883 atque
848 808 970 872 auribus
988 808 1080 889 aquis

206 890 368 972 Accipite,
387 887 468 951 haud
486 888 588 949 nostro
603 886 706 951 sermo
720 888 855 951 manabit
871 892 909 953 ab
926 909 980 966 ore

205 972 234 1048 F
236 974 334 1055 utilis,
355 974 384 1037 ἃ
402 972 517 1034 nostras
534 969 704 1051 iterumque
724 971 897 1052 iterumque
914 976 1058 1054 querelas¹

204 1054 356 1122 Converfi
372 1053 450 1139 justi
468 1052 592 1116 tandem
608 1052 782 1135 perpendite
801 1057 912 1135 lance3

204 1137 289 1205 Non
307 1140 416 1222 injusta
432 1151 518 1219 peto:
539 1137 691 1217 numquid
708 1156 769 1201 vox
787 1136 879 1220 impia
895 1139 1035 1225 linguam

205 1222 344 1291 Polluit?
366 1221 565 1304 insipidnmve
582 1224 719 1301 palatum
737 1218 842 1286 infecit
859 1242 994 1305 amaror,

208 1305 262 1373 Ut
279 1323 433 1389 nequeam
447 1305 522 1372 sano
539 1322 688 1393 erumnas
705 1302 875 1373 discerncre
890 1306 997 1393 gustu?

502 1528 537 1611 C
594 1529 632 1609 A
690 1528 735 1609 P.
792 1531 886 1613 vll.

203 1716 327 1876 STat
343 1720 397 1786 snm
413 1720 528 1802 cuique
543 1720 620 1803 dier,
641 1721 769 1786 &meta
786 1736 923 1788 extrema
940 1722 1095 1819 laborum,

282 1802 356 1869 Nec
373 1805 490 1887 semper
507 1805 629 1887 trepidis
645 1806 737 1869 miles
755 1804 913 1871 Mavortia
930 1816 1048 1888 campis

202 1886 296 1954 Bella
309 1888 424 1970 fremit,
443 1888 633 1971 placidisque
649 1888 728 1953 subit
745 1908 803 1971 pax
823 1908 913 1954 aurea
927 1890 1044 1971 pennis.

203 1972 315 2055 Atque
332 1972 435 2038 aestum
450 1970 571 2059 fugiens
588 1971 690 2044 seruus
707 1972 737 2036 se
754 1987 871 2037 recreat
887 1972 1009 2057 umbri,

202 2054 248 2123 Et
263 2057 371 2139 pretio,
391 2059 421 2123 dc
438 2056 522 2142 grata
539 2054 654 2121 solatur
671 2055 764 2122 noete
779 2057 929 2121 laborem.

203 2140 253 2205 At
270 2140 345 2202 mihi
361 2158 465 2205 amara
481 2140 557 2224 dies,
578 2140 607 2205 dc
624 2138 724 2205 nouis
741 2142 874 2207 amarior
890 2140 1009 2223 umbra,

201 2222 325 2290 Mutua
340 2223 482 2289 sollicitis
498 2224 674 2308 producunt
688 2238 828 2310 tempora
845 2223 937 2290 curis.

199 2304 283 2373 Nox
300 2308 353 2373 nbi
370 2308 493 2391 pallenti
510 2307 607 2395 cingit
623 2308 753 2391 caligine
771 2324 875 2393 terras,

201 2388 259 2459 Sic
276 2392 339 2473 aio,
358 2393 440 2467 seros
455 2389 554 2478 segnis
570 2413 628 2457 cur
646 2389 837 2476 Phosphorus
855 2393 938 2476 ignes

202 2474 359 2542 Occnlit?
379 2491 411 2540 at
427 2475 516 2541 niveo
531 2477 692 2557 postquam
707 2478 796 2558 jubar
813 2476 921 2542 extulit
939 2472 1012 2537 orbe

201 2558 390 2645 Excrucior,
411 2554 510 2626 donec
528 2559 597 2623 sero
612 2557 742 2624 decedat
759 2561 896 2641 olympo.

201 2643 257 2709 Est
272 2642 381 2710 furtim
398 2643 487 2709 nobis
504 2645 590 2710 lento
604 2640 744 2711 durentia
761 2641 834 2713 tabo

202 2729 346 2811 Viscera,
365 2724 573 2808 sordescitque
590 2725 656 2810 imo
670 2726 725 2796 sun
741 2723 874 2808 pedore,
894 2723 989 2804 virus,

202 2808 413 2892 Diffolvitque
429 2825 545 2893 cutem,
566 2810 689 2891 &putri
706 2828 832 2878 carnem
849 2815 952 2874 ulcere
969 2803 1067 2877 findit.

202 2893 285 2960 Non
301 2893 392 2959 citius
410 2896 559 2974 cuiquam
573 2893 664 2957 radiis
680 2893 815 2957 decurrit
831 2893 929 2966 acutis

203 2977 328 3043 Trama
344 2977 431 3060 levis,
451 2977 556 3041 nostrae
574 2977 669 3058 qnam
683 2976 750 3058 spes
767 2975 922 3057 deperdita
936 2974 1013 3049 vita.

204 3063 255 3128 Sis
271 3080 404 3140 memor,
423 3076 457 3125 ut
473 3060 560 3125 nobis
575 3059 692 3143 fugitivi
711 3057 842 3124 flaminis
859 3076 976 3135 auram,
999 3054 1012 3074 ⁹

203 3145 367 3227 Indideris,
386 3159 489 3209 rerum
508 3143 651 3209 Genitor!
675 3144 695 3207 fi
712 3144 830 3208 lumina
846 3159 956 3225 vertas,

205 3230 303 3302 illico
318 3228 485 3293 succedent
500 3227 640 3308 tenebrae,
660 3247 718 3290 nec
735 3226 815 3294 tedia
830 3226 939 3291 subibo

206 3311 337 3392 Terrea,
357 3332 414 3377 nec
433 3309 510 3375 caris
527 3315 607 3375 ultra
623 3309 780 3392 spediabor
797 3310 917 3372 amicis.

206 3396 269 3462 Sed
287 3396 381 3460 veluti
399 3396 493 3459 nubes
515 3396 623 3459 celcris
640 3393 685 3459 vis
702 3394 825 3457 concita
840 3390 923 3457 vetiti

205 3479 353 3560 Diffipnt;
374 3478 453 3549 haud
470 3479 556 3542 aliter
572 3478 715 3560 supremo
731 3494 866 3559 ternpore
884 3473 973 3540 nobis

206 3565 282 3632 Vita
298 3564 383 3646 perit,
403 3581 467 3625 non
482 3565 537 3625 hos
553 3563 663 3625 iterum
680 3562 811 3626 invisnra
828 3576 960 3641 penates.
1036 3633 1043 3648 ,

203 3680 204 3685 κ
248 3647 332 3732 Ergo
347 3665 405 3731 ego
422 3666 478 3708 cnr
495 3663 619 3728 parcam
636 3647 781 3727 vociqne,
801 3646 923 3726 iraeque,
942 3641 1117 3717 dolorique,

206 3729 368 3813 Amplius,
388 3728 538 3796 afflietove
554 3747 692 3810 premam
708 3730 763 3792 sub
779 3726 902 3809 pedore
919 3718 1058 3806 questus?

206 3811 300 3877 Neve
317 3830 402 3895 putes
420 3817 540 3896 pelag0,
560 3829 645 3876 tanto
662 3830 758 3892 quem
771 3813 890 3875 turbine
906 3809 1015 3892 perfles

204 3895 401 3974 Affimilem3
420 3897 563 3961 videotve
581 3896 725 3960 immanis
738 3898 843 3960 bellna
858 3893 942 3977 ponti

202 3979 278 4052 Esse
295 3980 359 4064 tibi,
377 3997 412 4048 ut
426 3981 480 4048 tali
498 3979 635 4062 custode,
656 3981 686 4046 dr
703 3999 826 4052 carcere
840 3976 959 4046 frenes?

598 4062 626 4129 E
647 4084 664 4128 e
686 4085 705 4131 2
1047 4050 1186 4123 Forfitsn
