2792 4800
456 408 490 487 c
540 407 582 483 u·
626 390 687 490 a?
722 369 848 502 vlu.
1097 440 1177 523 4,,

238 552 427 637 Nequitiam
444 551 506 619 fine
523 556 594 640 lege
609 549 687 629 ruit3
706 549 738 628 se
756 538 896 637 accingit
911 548 952 619 al
969 566 1067 625 omne·

187 663 191 704 :
240 640 423 726 Flagitium,
443 637 583 719 laxisque
599 633 704 701 furens
723 633 891 700 bacchatur
908 636 1034 707 habenis

241 730 314 810 Illa,
334 744 393 790 nec
411 739 557 801 aternam
576 722 626 786 srbi
646 737 775 804 poenam
792 718 899 793 instare
915 724 1076 798 tremiscit.
1169 722 1175 765 ³

187 828 220 896 tr
239 810 297 877 Ne
315 826 430 895 tamen,
451 809 512 873 hoc
530 805 610 890 viso,
629 806 725 888 pietas
743 802 898 875 labefacta
911 804 1059 896 fatiscat‚·

241 895 438 975 Demittatve
456 894 608 974 animum,
627 890 679 959 sed
695 890 748 974 spe
767 904 862 974 caput
877 891 984 980 erigat,
1002 899 1122 978 altum

237 979 397 1061 Namque
413 977 542 1062 impune
559 975 634 1048 licet
651 979 768 1050 multos
786 975 920 1065 exegerit
936 996 1043 1049 anuos·

237 1063 364 1147 Impius
380 1063 495 1145 absque
512 1076 609 1146 metu,
631 1076 822 1148 centenaque
840 1061 972 1129 crimina
990 1071 1086 1142 nullo·

237 1148 381 1233 Vindice
397 1148 546 1231 perficiat,
566 1145 782 1235 scelerumque
800 1146 832 1212 iu
849 1145 939 1212 sorde
954 1149 1112 1226 fenerem

237 1232 334 1300 Felix
350 1232 405 1297 ille
422 1247 526 1299 tamen
544 1228 678 1300 Domini
695 1230 749 1314 qui
765 1248 885 1296 numen
902 1230 1020 1321 adorat,
1104 1229 1107 1238 ’

238 1315 286 1386 Et
302 1314 437 1382 Domini
454 1317 504 1405 pia
520 1317 591 1400 jura
606 1314 695 1398 colit,
717 1314 862 1404 legesque
877 1319 1042 1391 verendas:

238 1399 316 1465 Post
332 1416 467 1479 mortem
484 1418 559 1466 nam
576 1397 732 1483 corporeis
750 1417 840 1472 mens
857 1399 953 1466 libera
968 1404 1085 1478 vinclis

209 1563 213 1569 ,
240 1484 382 1552 Scandet
398 1486 431 1549 in
447 1485 559 1554 etherii
577 1483 693 1554 radiata
710 1484 824 1569 palatia
842 1484 932 1562 coeli,
1083 1490 1086 1495 ‘

189 1589 216 1659 3
241 1568 290 1634 At
306 1567 437 1635 minime
453 1569 529 1647 felix
546 1569 604 1634 erit
620 1568 744 1652 impius,
765 1567 849 1634 illius
867 1585 970 1637 avum

210 1657 213 1661 ’
239 1653 381 1737 Effugiet
396 1653 505 1737 rapido
523 1653 619 1719 veluti
639 1652 716 1726 levis
733 1655 843 1718 umbra
860 1656 978 1737 volatu,

242 1737 338 1802 Tum
353 1737 431 1803 verb
447 1738 479 1815 in
497 1737 618 1823 Stygias
634 1754 709 1802 mox
726 1737 962 1823 precipitabitur
978 1736 1120 1824 umbras}

242 1819 312 1887 Hic
332 1822 393 1897 fine
412 1823 473 1895 fine
490 1825 556 1887 luet
570 1821 726 1887 scelerata
743 1821 875 1887 crimina
893 1821 979 1905 vita,-

241 1904 312 1970 Hic
330 1905 476 1982 lacrimas
495 1907 556 1970 line
573 1907 636 1970 fine
653 1904 748 1987 dabit,
770 1906 831 1969 srne
849 1907 911 1971 fine
928 1905 1056 1993 dolebit,

240 1988 460 2070 Extendetque
475 1989 548 2059 suos
564 1989 724 2053 seclorum
741 1989 771 2055 in
790 1988 896 2054 secula
913 1990 1015 2057 uerus.

197 2099 220 2164 4
241 2072 331 2158 Ergb
348 2074 458 2145 animis
474 2093 532 2139 vos
550 2072 610 2138 este
628 2072 728 2157 bonis,
751 2072 804 2156 qui
822 2071 948 2154 pectore
966 2095 1047 2156 puro

240 2155 281 2220 N
284 2176 378 2222 umen
394 2157 527 2223 adoratis
546 2155 691 2242 Domini,
711 2176 773 2225 uec
791 2157 888 2221 corda
904 2157 1018 2226 dolore

243 2241 273 2308 F
274 2239 358 2308 racia
375 2240 497 2325 cadant,
518 2241 664 2322 durisque
681 2255 794 2326 negent
810 2238 1015 2307 succumbere
1029 2245 1134 2338 rebus⁸

243 2325 430 2411 Quamlibet
446 2325 587 2393 adversas
605 2338 731 2402 moveat
745 2323 870 2405 fortuna
887 2324 1065 2407 procellas:
1109 2351 1112 2357 ·

247 2410 341 2492 Saepe
358 2410 472 2475 etenim
488 2410 520 2475 in
536 2409 638 2493 posuis
654 2410 709 2477 sub
727 2409 803 2479 solis
820 2410 940 2474 lumine
956 2411 1043 2479 tertia

243 2491 350 2561 Preffa
361 2497 448 2573 Jacet
462 2496 568 2575 pietas,
588 2493 740 2573 variisque
756 2492 893 2558 obnoxia
908 2490 1050 2563 damnis'f
1104 2557 1108 2565 ,
1138 2548 1141 2553 ,

243 2574 298 2659 Et,
320 2577 440 2659 contra,
461 2576 612 2660 impletam
632 2576 753 2646 blanda
769 2575 858 2660 supet
874 2569 1103 2658 equomve&-

242 2660 467 2745 Prosperitatis‚
488 2661 550 2744 agit
568 2661 665 2725 vitum
681 2662 743 2725 fine
760 2663 843 2732 nube
857 2657 1008 2748 serenam,

245 2745 310 2813 Sed
328 2744 394 2813 citb
411 2746 443 2810 in
460 2747 560 2815 a‘e‘rios
577 2747 665 2810 volat
681 2746 736 2809 illa
752 2742 881 2830 evanida
897 2751 1034 2814 ventos(

187 2850 223 2915 μς
246 2827 347 2894 Nunc
367 2829 457 2916 igitur
472 2829 599 2895 monitis
615 2830 737 2894 animos
754 2828 906 2894 advertito
923 2831 1045 2917 nostris,

246 2911 374 2995 Ecquid
390 2914 475 2977 enim
492 2929 601 2995 potero
618 2913 731 2977 melius
747 2912 874 2980 suadere
889 2916 1069 2982 mouendo?

245 2998 452 3082 Quicumque
469 2999 549 3060 haud
569 2994 645 3059 ficio
658 2998 811 3061 veneraris
826 2993 951 3079 peuore
966 3010 1103 3090 numen„

246 3084 359 3156 Incola
376 3080 522 3147 Phoebaeo
540 3080 627 3163 pofiti
645 3078 699 3143 sub
719 3078 813 3152 fidere
830 3080 954 3165 muudi,

244 3166 371 3248 Accipe
388 3183 465 3229 cum
482 3164 605 3246 liquido
622 3162 765 3228 Cerealia
781 3182 910 3230 munera
924 3166 1017 3235 vino:

246 3249 372 3333 Atripe,
392 3248 470 3317 dum
487 3248 534 3313 fas
551 3250 604 3331 est,
625 3248 777 3330 pereuntis
794 3249 966 3313 commoda
979 3251 1062 3338 vita,

244 3333 355 3404 Latus
373 3333 403 3399 δι
420 3332 575 3397 exsultans
591 3333 713 3398 animo:
732 3329 881 3416 fugientia
896 3333 1018 3419 promti

247 3417 374 3484 Gaudia
389 3435 480 3500 carpe
495 3435 604 3497 manu,
624 3415 802 3491 coelestibus
817 3430 903 3482 utere
919 3417 1026 3504 d'ouis,

188 3579 195 3586 ι
245 3499 339 3571 Dum
353 3504 444 3578 licet:
465 3500 625 3583 extemplo
639 3499 720 3599 fugit
734 3501 936 3567 irrevocabile
951 3517 1087 3589 tempus.

187 3586 227 3657 16
247 3584 341 3652 Nam
354 3587 443 3669 juvat
460 3586 581 3654 insanos
598 3585 693 3649 animi
711 3585 908 3668 compescere
927 3587 1069 3672 fluctus„

247 3666 434 3751 AEteruiquc
450 3668 548 3750 Patris
566 3672 692 3734 nullum
709 3669 927 3752 reprehendere
943 3669 1080 3757 factum,

279 3772 448 3834 uamqnam
459 3752 584 3820 adversa
598 3753 686 3821 bonit
703 3753 884 3837 aliquando,
900 3753 1013 3819 &lata
1021 3756 1171 3849 scelestis,

285 3838 427 3917 bveniaut
442 3838 498 3904 sub
518 3853 649 3919 utroque
664 3840 741 3921 polo
756 3838 795 3901 de
816 3838 952 3917 entibusr
973 3837 1045 3927 ipse,

249 3921 318 4005 Ipse
333 3939 392 4008 ego
408 3920 512 3987 fiderei
528 3922 694 3988 lustrabam
709 3919 792 3989 satia
842 3923 974 4008 ouantis,
1023 3969 1026 3976 -

245 4001 345 4094 fatua
359 4023 413 4110 per
430 4007 619 4090 immensum
632 4007 750 4112 peragit
771 4026 842 4094 qua
864 4008 981 4099 lingula
996 4010 1170 4168 mundium:
