2792 4800
209 483 286 562 4⁹0
469 434 640 531 aner.
674 448 1023 562 Jonssoiur

115 654 120 668 .
214 600 276 669 Nil
291 599 364 665 tuba
381 597 562 684 Mauseides,
575 599 618 665 nil
637 599 742 683 magni
762 597 858 665 Musa
876 599 1023 668 Maronis

266 684 293 749 F
296 700 362 749 urta
379 681 488 750 Dedin
506 699 611 767 prater
629 697 743 763 cantat,
760 684 887 748 &arma
902 683 1017 751 virdm.
1085 695 1090 706 '

219 768 277 837 Ins
292 768 468 833 iratmelior
493 767 669 833 Buchanani
686 766 810 850 peoora
826 767 965 855 Phoebus,

259 788 301 917 ἔτ
315 848 391 916 iacit
408 867 441 917 ut
458 871 535 935 puro
553 850 672 915 nodare
687 871 766 915 vena
784 852 868 916 fluat.

220 936 280 1002 Ille
298 931 360 999 Dei
380 952 493 1002 aterno
510 935 689 1000 modulatur
705 933 841 997 carmine
861 932 980 1018 laudes,

263 1017 401 1101 Aptae&
418 1020 548 1085 Hebraeae
565 1017 679 1101 pledira
693 1016 803 1082 Latina
818 1017 917 1109 Lyrae.

221 1101 309 1170 Etuit
330 1100 347 1165 ὲ
363 1105 493 1168 tenebris
510 1102 592 1165 idem
610 1117 662 1166 tua
678 1102 770 1188 gesta,
785 1100 953 1184 ducesque,

262 1185 359 1269 Queis
371 1184 510 1268 Latium,
532 1186 618 1267 queis
636 1184 678 1249 nil
698 1184 816 1250 Gracia
832 1185 934 1269 majus
950 1182 1060 1249 habete
1095 1266 1097 1269 .

225 1267 343 1349 Tuque
370 1267 482 1334 Parcus
500 1269 615 1351 patriae!
629 1269 681 1333 nisi
698 1266 871 1348 deliquisset
888 1270 919 1332 in
939 1287 1015 1352 uno,

266 1318 356 1435 Quies
369 1354 453 1418 tede
472 1369 574 1417 vatem
596 1372 658 1416 non
675 1348 817 1415 meruisse
833 1352 944 1433 putas?

224 1437 340 1502 imbuit
354 1437 408 1500 ille
425 1435 564 1499 animum
580 1436 694 1519 studiis,
709 1437 739 1501 be
756 1433 891 1519 Regibus
907 1434 986 1499 olim

266 1519 351 1583 Invia
375 1517 529 1583 Pieridum
546 1538 598 1600 per
612 1520 688 1605 juga
705 1520 782 1581 rexit
799 1520 863 1582 iter.

223 1602 328 1667 Finxit
347 1603 375 1667 de
393 1622 428 1665 os
444 1617 582 1667 tenerum
600 1621 707 1683 puero,
725 1620 790 1682 quo
807 1600 930 1683 peRora
948 1603 1085 1686 mulces,

266 1685 416 1769 Quosque
433 1688 510 1770 regis
527 1688 658 1767 populos
676 1705 739 1749 non
759 1686 827 1747 sinis
845 1682 905 1749 ene
920 1682 1016 1749 feros.

225 1765 275 1833 Os
293 1768 387 1849 dedit,
406 1769 556 1854 &dignos
571 1767 716 1848 forinovis
731 1767 865 1851 principe
885 1785 1000 1852 mores,

267 1849 308 1916 Et
324 1852 433 1916 docuit
448 1873 515 1933 quae
527 1872 583 1916 vos
599 1849 676 1934 sape
694 1854 788 1915 latere
802 1852 911 1915 solent.

225 1935 311 2018 Quid
329 1936 396 2002 Rex
410 1936 538 2017 privato,
558 1936 630 2016 quid
647 1934 733 1999 distet
745 1936 831 2020 Rege
851 1950 1016 2018 tyrannus;

267 2019 353 2101 Quid
371 2023 502 2100 populus
520 2019 598 2101 Regi
615 2018 734 2100 debeat,
753 2020 808 2082 ille
820 2016 904 2083 Deo.

226 2101 281 2165 Ho
317 2101 398 2164 duce
415 2116 448 2163 tu
463 2100 571 2177 foelix3
593 2116 625 2162 ut
641 2100 709 2164 Rex
728 2102 774 2178 iis,
793 2102 854 2185 san⁸
868 2101 948 2164 uinis
965 2095 1094 2180 au&or;

309 2198 320 2246 t
339 2182 441 2266 Reges
458 2182 713 2264 intermisimus,
732 2183 788 2246 ille
805 2122 900 2247 dedit.

226 2266 286 2333 His
304 2263 571 2330 tamenobtrebiat
585 2267 701 2329 meritis
719 2269 844 2331 latrator
861 2267 996 2350 Anubis,

267 2348 432 2432 Mixtaque
452 2350 575 2432 vipereo
590 2348 664 2412 selle
679 2369 796 2413 venena
811 2352 919 2417 vomit.

224 2436 277 2505 Est
296 2433 381 2499 furor
398 2435 445 2497 hic
464 2450 576 2518 certus,
595 2433 664 2497 sunt
679 2436 754 2498 certi
767 2434 994 2518 fignafutoris:

267 2519 346 2601 Quis
363 2518 472 2582 reserat
488 2519 560 2581 tanti
584 2536 651 2597 quae
670 2519 704 2581 sit
718 2518 806 2604 origo
820 2519 915 2582 mali?

166 2623 169 2630 ’
225 2602 280 2670 An
298 2603 407 2682 quibus
423 2617 557 2664 armatur
574 2604 713 2665 flammas
730 2604 845 2685 objecit
862 2602 1008 2686 Erinnys,

267 2685 307 2750 Et
323 2685 407 2764 quod
424 2686 571 2768 Gorgoneo
593 2685 689 2747 sibilat
710 2704 809 2766 angue
827 2685 948 2766 caput?

227 2768 281 2834 An
299 2767 413 2831 saniem
431 2767 571 2830 eruoans
588 2765 695 2829 infecit
711 2771 849 2830 membra
865 2787 987 2832 veneno

268 2849 433 2914 Tartareas
449 2851 619 2914 monstrum
637 2852 721 2929 quod
739 2853 832 2915 cubat
849 2866 918 2916 ante
934 2850 1047 2916 fores?

227 2935 365 3000 Forsitan
382 2934 541 2999 incautum
556 2933 637 2995 rabie
654 2933 739 2995 canis
756 2936 825 2998 asia
840 2934 1023 3020 momordit,

269 3019 335 3082 Aut
350 3017 415 3080 fera
432 3037 499 3098 quae
511 3018 601 3080 molli
620 3016 746 3079 stamine
762 3023 845 3081 velat
863 3037 968 3099 aquas.
1138 3074 1141 3081 .

138 3125 151 3143 ·
226 3101 343 3167 Forsan
360 3121 445 3180 equae
468 3105 587 3163 lentum
603 3100 687 3180 quod
706 3101 798 3164 stillat
814 3105 851 3166 ab
869 3102 992 3187 inguine
1008 3101 1108 3186 virus,

270 3185 385 3248 Forsan
396 3184 596 3247 Echidnaeurn
614 3182 716 3247 caussa
732 3183 843 3247 suroris
860 3201 934 3249 erat.

227 3266 293 3332 Aut
311 3287 391 3329 curu
406 3267 525 3352 vigiles,
543 3281 595 3329 aut
611 3267 713 3331 dulcis
730 3269 820 3349 copia
836 3267 966 3352 Bacchi,

270 3351 336 3414 Aut
353 3352 404 3430 qui
423 3352 518 3414 eorda
535 3348 618 3413 serus
635 3349 712 3431 saep&
729 3367 858 3414 venenat
870 3369 970 3415 amor.

227 3433 324 3500 Forte
341 3437 433 3498 etiarn
451 3434 548 3519 tetigit
559 3437 643 3494 mala
660 3436 818 3514 gramina3
839 3433 918 3499 forte
935 3436 1038 3503 viator

269 3517 385 3582 Aridus
402 3517 507 3581 insano
524 3517 638 3597 proluit
654 3537 707 3578 ora
724 3523 805 3582 lacu.

166 3659 172 3674 ,
229 3597 291 3664 Vel
308 3601 428 3685 gelidus
443 3600 523 3662 duro
540 3601 697 3663 concrevit
712 3599 824 3695 frigore
842 3600 977 3687 sanguis,

270 3687 333 3749 Vel
353 3684 444 3747 miser
459 3685 560 3747 aestivo
576 3683 629 3745 surb
647 3702 724 3746 cane
744 3685 819 3748 iecit
835 3686 899 3749 iter.

225 3762 373 3832 Distrahit
390 3770 420 3831 in
438 3783 535 3849 partes
551 3768 690 3829 animum
708 3768 754 3830 vis
767 3788 849 3831 eaeca
868 3765 995 3851 furoris,

269 3851 346 3915 Haec
364 3868 467 3916 tarncn
484 3851 526 3914 est
542 3871 616 3914 vero
634 3852 772 3931 proxima
788 3850 890 3916 caussa
907 3851 993 3915 mali.

223 3932 319 3998 Fortd
337 3937 421 3999 canis
438 3936 532 3998 tabidi
544 3932 675 3997 Batavus
693 3955 767 4015 puer
783 3957 836 3999 ore
852 3936 976 4020 petitus,

261 4019 298 4085 Iu
313 4018 429 4087 rabiem
438 4017 544 4086 infelix
555 4015 642 4090 adius
660 4019 689 4083 be
706 4018 767 4105 ipse
780 4015 850 4087 fuit.

1113 4100 1189 4176 Vidit
