2792 4800
219 439 296 517 492
477 401 647 489 ΔΚΜ.
690 396 1011 510 Jonnaonr

223 542 467 640 Quadrupedem
483 544 586 631 primo
604 545 827 635 constringens,
842 546 971 627 piacula
988 531 1119 639 crurum

268 635 382 720 lnjicep
398 633 510 720 captivi
528 632 632 713 qualia
649 631 729 698 serre
746 632 858 700 solent.
981 647 984 660 “
1023 643 1027 652 ’

209 720 264 795 .1n
274 718 398 784 sacinus
415 718 475 784 ruit
489 734 583 784 omne
594 713 693 802 furor,
709 717 763 788 uili
787 718 941 801 compede
958 720 1088 807 srencs;

231 805 239 883 ζ
268 800 348 884 Non
364 801 427 884 leo‚'
448 794 606 887 nontipris
629 805 697 883 plus
713 799 841 884 feritatis
861 806 961 869 habet.

227 888 300 977 ipsa
317 886 422 953 furens
441 899 550 956 natum
560 884 714 968 discerpit
723 884 859 952 Penthea
876 903 1000 965 marer3

269 967 320 1044 Te
335 970 425 1054 patris
441 968 574 1051 obtrivit,
593 985 683 1051 parve
698 969 849 1036 Learche!
873 971 971 1042 furor.

229 1053 271 1125 Se
296 1073 420 1138 quoque
440 1053 605 1119 Leucothoe
622 1070 699 1118 cum
715 1069 789 1126 nato
805 1042 945 1140 perdidit,
963 1052 1049 1138 Ajaar

274 1142 338 1223 lpse
355 1140 411 1203 suo
427 1137 555 1202 demens
573 1137 717 1221 sanguine
741 1138 828 1206 tinnit
847 1139 990 1207 humum.

229 1219 306 1299 Nec
325 1222 435 1287 vinclis
452 1220 580 1302 preliilsc
598 1221 668 1290 satis
683 1233 807 1296 :nocet
824 1222 935 1288 halitus
954 1220 1030 1306 oris,
1131 1238 1135 1245 ·

275 1305 419 1372 Deterius
438 1308 563 1370 nullmn
580 1306 662 1381 nitur
685 1303 826 1370 Echidna
848 1307 963 1372 vomit.

233 1388 324 1460 Abda
341 1404 516 1455 catenatum
532 1389 639 1454 semoti
660 1390 792 1456 carceris
811 1405 911 1472 antro,

275 1472 346 1539 Lux
365 1474 414 1538 ubi
432 1477 520 1538 nulla
539 1472 645 1553 micat,
664 1491 726 1538 vox
746 1474 797 1538 ubi
818 1476 906 1538 nulla
922 1472 1018 1539 sonat.

234 1557 301 1642 Ipse
321 1557 408 1622 Deus
424 1557 538 1639 superis
555 1555 661 1622 Furias
679 1555 807 1623 secrevit
823 1560 861 1620 ab
879 1557 953 1637 nris,

279 1641 445 1722 Mersaque
462 1641 517 1702 sub
534 1654 627 1705 terras
645 1637 736 1723 reela,
756 1646 914 1723 laremque
933 1639 1042 1706 dedit..

236 1721 283 1807 En
306 1725 367 1790 edit
384 1726 412 1789 dr
429 1722 514 1788 tortis
530 1726 674 1788 humeros
694 1726 724 1789 de
741 1740 824 1809 terga
846 1725 989 1807 flagellis,

154 1820 157 1828 '
281 1745 321 1874 dt
338 1812 431 1873 latera
449 1808 477 1874 n
495 1807 631 1893 geminas
649 1807 844 1891 sarpdrsecare
860 1826 956 1873 nates.

241 1890 339 1978 Quod
358 1906 450 1975 caput
465 1891 583 1974 infestat
599 1892 682 1956 vitus
701 1891 793 1958 dolor
810 1909 903 1958 omne
922 1890 1057 1978 revellit,

263 1991 266 1998 ·
304 1976 439 2062 Corrigit
454 1976 484 2040 dr
502 1992 616 2062 mores,
631 1976 661 2040 dr
677 1972 745 2040 fera
761 1975 858 2046 corda
868 1977 993 2041 domat:
1053 1983 1055 1988 '

240 2056 304 2133 Hic
322 2059 398 2127 facit
416 2059 547 2137 ntsnvre
563 2058 725 2124 mitescant
742 2060 857 2141 tigridis
876 2060 938 2141 ira,

283 2142 323 2211 Et
341 2142 393 2203 sua
409 2140 543 2220 crudelis
564 2138 695 2206 fulmina
714 2158 807 2221 ponat
822 2162 903 2224 aper.

243 2221 437 2308 Protraclum
459 2220 477 2285 d
493 2224 624 2288 tenebris
640 2223 797 2306 interdum
819 2244 922 2311 merge
940 2224 1113 2332 profundo¹

288 2307 338 2377 Ut
355 2312 436 2371 lavet
452 2305 592 2372 insanum
607 2306 715 2391 sapitis
735 2309 818 2375 unda
834 2324 934 2392 caput.

244 2387 456 2483 Conspcdium
471 2409 648 2472 nomenque
665 2393 764 2459 horret
781 2394 986 2477 lymphaticus
1009 2395 1114 2482 undae,

288 2481 350 2544 llic
366 2477 470 2544 r‘amen
485 2477 568 2540 illius
579 2474 657 2558 saepd
675 2481 792 2556 levatur
812 2499 887 2562 ope:
1065 2541 1074 2549 ,

247 2560 345 2642 Ferro
362 2564 455 2626 ctiam
466 2561 637 2626 cohibenda
653 2566 741 2628 lucr:
764 2564 898 2628 incidere
914 2582 1006 2627 venas

255 2650 257 2655 ’
289 2644 343 2728 Ne
359 2645 473 2727 dubim,
492 2664 549 2706 nec
567 2658 596 2707 tc
612 2645 696 2731 pigra
713 2663 849 2711 moretur
869 2647 974 2710 hiems.

249 2730 321 2801 Hae
339 2751 407 2811 ope,
428 2747 491 2807 qno
508 2743 639 2810 turgent,
653 2732 799 2801 membris
816 2734 967 2810 expellere
984 2730 1080 2820 virus,

256 2817 259 2824 '
293 2813 358 2878 Aut
376 2812 475 2875 oneris
494 2810 600 2880 saltem
618 2828 700 2895 parte
717 2816 818 2876 levare
841 2829 940 2896 potes.

188 2897 190 2903 ’
251 2896 391 2974 Vulnere
406 2895 573 2979 tergemino
590 2897 711 2959 cubitus
730 2896 872 2962 tundatur
893 2913 1035 2983 uterque,

297 2980 348 3047 Ut
366 2985 438 3043 lluat
454 2997 490 3040 ex
509 2979 592 3043 omni
616 2979 731 3043 viscere
746 2996 822 3045 tetra
838 2986 915 3047 lues.

192 3129 196 3139 ,
252 3060 314 3132 Sed
331 3065 403 3144 quia
419 3063 539 3142 summa
553 3078 656 3142 petens
673 3067 784 3128 mentis
806 3063 892 3130 furor
906 3080 1045 3147 ,occupat
1063 3084 1180 3155 arcem,

294 3144 359 3210 Prae
376 3145 499 3224 reliquis
516 3144 631 3211 ferrum
648 3148 779 3228 postulat
795 3149 846 3227 ille
865 3153 967 3213 locus.
1165 3148 1168 3157 ’

252 3228 331 3315 Qua
347 3230 480 3299 frontem
498 3228 612 3293 dirimit
626 3231 764 3294 mediam
780 3232 832 3295 tibi
850 3253 927 3298 vena
943 3233 1078 3299 secanda
1088 3236 1143 3327 est²

273 3332 276 3338 ·
292 3312 332 3380 Et
349 3334 415 3398 qun
433 3309 512 3395 pond
531 3312 626 3378 latens
645 3315 769 3387 nomine
791 3319 896 3400 puppis
915 3319 1012 3381 habet.
1139 3339 1141 3342 ·

253 3398 393 3481 Quaeque
411 3396 512 3459 oculis
523 3397 619 3461 ,simul
637 3398 785 3479 exspirant
802 3400 832 3466 dt
848 3402 969 3478 naribus
988 3403 1089 3484 ignes,

294 3477 335 3546 Et
350 3499 426 3544 cava
438 3499 510 3559 ¹qua
527 3479 648 3543 circum
663 3488 801 3562 tempora
818 3486 972 3564 utrimque
990 3486 1111 3551 micant
1129 3506 1138 3555 t

253 3557 331 3655 Hac
351 3583 475 3645 quoqne
493 3581 560 3641 quaa
578 3564 714 3644 linguam
737 3566 833 3635 succo
854 3568 988 3652 loliginis
1006 3571 1096 3638 atrae'
1133 3572 1136 3576 ’

296 3650 419 3732 lmbnit,
435 3647 583 3709 auxlium
602 3665 664 3713 non
681 3647 748 3711 leve
765 3647 846 3735 seddp
861 3652 953 3728 dabir.

253 3726 286 3797 81
306 3732 378 3810 quiri
395 3731 493 3794 adhuc
513 3726 643 3814 mixtum
660 3734 776 3797 terreni
792 3731 868 3803 fade
884 3734 1018 3818 supersit,
1114 3799 1116 3802 .

294 3815 365 3899 Hoc
384 3818 492 3895 procul
513 3807 528 3876 d
547 3826 671 3878 cercuro
689 3817 770 3881 virns
787 3817 826 3883 ad
844 3818 906 3882 ima
926 3820 1019 3881 trahe.
1115 3810 1119 3826 '

254 3896 333 3987 Qum
352 3903 422 3971 latet
442 3899 470 3963 in
482 3899 611 3979 ,gemino
631 3900 775 3964 tundatur
792 3902 906 3981 poplite
923 3921 1013 3987 vena,

295 3986 434 4078 (guoque
447 3983 541 4079 pedes
555 3980 638 4081 ,iinon
653 3983 885 4086 Λῳρμ,αολοᾎὶμιε
907 3984 1012 4080 rigens
1090 4039 1096 4055 ‚
1164 4067 1188 4134 P

311 4088 317 4102 “
389 4096 392 4103 ’
455 4092 457 4100 ’
656 4098 661 4109 ’
796 4082 799 4089 '
840 4092 843 4101 '
1189 4090 1224 4140 13
