2792 4800
520 415 553 493 c
578 411 613 499 r
638 354 683 493 1³ss
731 423 800 499 vr.

183 580 219 632 ao
238 554 375 626 Tellure
393 554 478 623 culti
496 570 570 623 vota
585 556 758 625 colentium

239 644 268 711 F
269 647 396 722 abente,
416 658 590 724 numquam
607 641 744 710 lethiferi
762 644 847 714 fame

292 722 436 809 Perdix,
455 743 629 808 numquam
644 728 820 809 pertimebia
857 787 860 793 ,

291 816 294 822 ’
311 807 487 876 ··Horriferi
502 808 662 875 fremitum
679 810 789 878 duelli.

183 914 214 965 21
238 890 369 978 Clades,
388 892 488 978 ruina,
508 893 661 979 incendia,
680 893 801 974 vastitas

238 978 381 1044 Venttlra
398 992 535 1043 mentem
552 996 615 1043 non
632 976 769 1061 quatient
785 996 889 1052 tuam:

289 1057 347 1125 Tu
363 1059 441 1124 liber
458 1060 475 1126 i
493 1060 603 1160 lingua
620 1063 746 1146 flagello

335 1142 400 1211 Sub
417 1142 550 1210 Dominr
566 1142 697 1211 latitabis
714 1147 839 1251 umbra:

183 1247 215 1294 tn
237 1223 297 1293 Tu
314 1226 494 1313 vastitatem,
512 1227 666 1308 incendia,
685 1230 789 1311 prelia

237 1310 380 1397 Ridebis,
400 1312 496 1395 ipsam
513 1313 543 1377 dt
560 1309 733 1376 lethiferam
747 1311 881 1394 famem3

290 1390 366 1458 Nec
384 1409 414 1459 te
428 1394 566 1462 ferarum
580 1392 686 1460 infesta
702 1398 791 1461 turba

331 1475 471 1544 Praedam
486 1478 579 1546 avido
593 1478 719 1545 laniabit
734 1498 798 1545 ore.

183 1581 212 1650 t3
237 1559 325 1645 Quin
342 1562 432 1629 bruta
446 1578 554 1628 tecum
566 1560 687 1638 ‚foedera
702 1563 851 1663 (ancient,

235 1644 279 1712 Et
293 1644 366 1711 sara
380 1661 485 1712 tecum
502 1645 622 1715 foedeta
635 1646 790 1729 sanctent3

287 1724 343 1794 Ne
360 1747 520 1804 vomerem
536 1732 600 1795 hac
617 1730 739 1815 ladam,
757 1734 808 1797 vel
826 1729 882 1795 illa
927 1785 938 1805 f

329 1808 434 1885 Dente
449 1829 547 1890 terant
563 1814 699 1901 segetum
716 1831 865 1883 catervas.

183 1913 213 1979 ²4
235 1891 335 1993 AEdes
353 1897 454 1963 beabit
468 1897 600 1997 candida
617 1916 675 1981 pax
692 1911 779 1966 tuat:

236 1979 335 2129 QUI&
353 1996 478 2064 penates
495 1985 612 2049 tncolet
626 2000 769 2081 aureost·
870 2072 872 2078 Ι

313 2062 800 2248 ’ἓὲέξὲῑξέπῖζῖὲξϋεὲςὲες
840 2197 843 2203 ,

183 2248 211 2313 ,ς
233 2224 349 2295 Samen
365 2232 483 2301 videbis
498 2248 564 2301 tam
579 2234 791 2319 numerabiles

234 2314 344 2400 Quim
361 2330 433 2384 nata
448 2318 566 2402 campis
616 2315 723 2386 amina.
739 2316 865 2401 floridis,
993 2370 998 2379 .

284 2400 375 2482 Quot
391 2419 458 2466 rata
472 2401 584 2470 foecun
605 2416 635 2468 at
652 2401 760 2485 pruina

325 2481 363 2546 In
378 2481 510 2564 liquidas
525 2488 695 2572 glomerata
711 2501 863 2570 gemmae.

183 2567 206 2633 6
226 2564 369 2631 Videlire
388 2563 517 2632 messem
531 2566 660 2631 rusticus
678 2579 712 2630 ut
727 2565 817 2630 snam

228 2648 310 2718 Serb
326 2647 484 2714 reclusum
499 2651 607 2718 volvat
621 2647 654 2714 in
671 2647 836 2716 borreum?

280 2734 317 2799 ln
334 2733 445 2798 ultima
461 2733 502 2798 fic
520 2732 555 2799 tu
570 2730 692 2798 seneen

323 2815 378 2881 Ad
394 2816 555 2898 placidum
569 2816 673 2882 venies
690 2815 879 2901 sepulcrum.
901 2880 903 2885 .

183 2915 207 2984 ¹7
228 2899 307 2965 Hac
323 2899 465 2966 oscitanti
481 2919 544 2967 non
560 2899 659 2966 studio
672 2900 748 2964 mibi

229 2983 363 3067 Quaefita
381 2982 507 3047 tandem
523 3001 597 3048 veta
613 2997 730 3081 reperta
746 2982 832 3048 sunt:
947 2993 952 3020 ·

278 3064 479 3150 Αωρὶεᾶετε
497 3065 572 3165 ergit
587 3079 749 3164 tentarem
801 3147 809 3163 ·

322 3151 414 3219 Hanc
432 3167 562 3239 gemmis
577 3151 726 3239 violenter
742 3150 836 3216 ulma.

449 3372 497 3461 -C
554 3373 593 3460 A
648 3357 693 3456 Ρ.
777 3369 851 3453 Vl.
982 3371 988 3395 '

300 3559 337 3629 St
352 3563 434 3631 bunc
447 3565 541 3634 Iobus
553 3563 666 3632 talibus
683 3581 759 3631 mor
775 3563 898 3650 excipit,

394 3648 472 3714 Acti
489 3649 600 3715 dolore
616 3649 766 3730 percitus:

184 3752 206 3802 2
225 3729 261 3796 O
279 3730 371 3812 aquis
386 3733 462 3800 adlit
480 3731 641 3802 aestimator
657 3730 822 3798 candidus!

304 3815 370 3899 Qui
387 3821 478 3883 lance
492 3816 572 3902 justi
590 3815 736 3900 penderet

224 3895 363 3971 Nostros
380 3901 505 3972 dolores
525 3903 621 3968 altera
638 3901 670 3966 in
687 3896 799 3966 trutina
814 3896 934 3983 locans,

305 3982 541 4071 Gravidamqne
558 4001 685 4134 genam
703 3983 735 4052 in
750 3985 862 4056 altera:

613 4086 635 4134 o
655 4088 675 4139 a

1007 4059 1156 4163 3inn
