2792 4800
379 404 412 481 c
460 399 498 482 n
545 405 586 479 Ρ.
638 406 834 487 xxvnr.
1049 445 1122 523 347

138 567 182 622 ro
200 542 371 634 Detegitin
387 544 499 612 mediis
519 542 583 612 alte
604 547 755 619 conclusa
771 552 921 641 cavernis,

255 630 297 698 Et
313 628 455 717 Stygium
470 643 606 729 penetrat
622 633 749 699 luminis
766 635 840 701 orbe
850 636 970 706 lacum'
1098 649 1107 660 ‘

85 715 88 741 ¹
139 740 176 788 u
200 714 352 784 Flumina
367 714 526 798 propontis
544 727 626 781 tenet
641 717 825 785 exundantia
840 723 944 808 metis,

252 797 441 886 constringit
455 797 555 882 spatiis
571 818 694 890 atquora
709 802 787 867 saeva
802 801 886 873 suis:

197 881 255 952 sic
269 881 358 966 'fiqua
372 882 406 949 in
420 882 540 969 gremio
555 897 640 948 terra
657 884 715 951 fint
731 887 836 953 clausa
850 889 1019 975 profundo,‘

250 964 376 1033 Profert
398 967 548 1038 illustrem
563 968 691 1051 pravius
709 968 769 1052 ipse
784 968 900 1039 facem.

137 1071 177 1119 12
198 1048 246 1117 At
262 1052 314 1115 fibi
331 1063 427 1133 quem
443 1050 545 1118 divina
561 1051 708 1122 thronum
723 1052 867 1135 sapientia
880 1056 976 1124 fecit?
1054 1125 1056 1132 ,

250 1135 288 1200 ln
327 1154 368 1199 ua
384 1132 523 1219 dignatur
543 1154 656 1218 ponere
676 1134 747 1200 sede
787 1136 902 1206 edem?

134 1237 175 1304 13
197 1154 353 1290 Gentissts
370 1218 510 1285 humanis
526 1238 592 1284 non
607 1218 663 1283 illa
677 1157 851 1304 agnossiur
867 1222 1012 1309 usquam

179 1366 184 1373 ,
247 1297 322 1365 Nec
340 1301 393 1366 fibi
408 1317 529 1368 terreno
543 1304 574 1368 le
596 1301 618 1367 't
629 1302 751 1384 inorbe
768 1305 888 1370 locum.

134 1403 178 1469 14
197 1380 273 1449 Nec
290 1384 373 1452 videt
390 1385 468 1451 hanc
485 1381 563 1469 liqui
587 1386 611 1450 is
629 1385 801 1453 revolubile
817 1387 1111 1476 ntarmorinundis‚

250 1464 348 1554 Quod
364 1465 474 1556 refugo
490 1471 562 1552 plan
584 1469 607 1535 it
621 1469 725 1535 littora
747 1471 810 1567 lua
826 1473 901 1539 linu.

132 1571 175 1634 15
194 1552 275 1623 Haec
292 1550 439 1638 equidem
454 1552 497 1622 est
513 1490 582 1637 ipse}
596 1550 690 1652 longe
709 1554 865 1637 pretiosior
881 1576 973 1639 auro,

247 1636 376 1704 Hanca
397 1633 439 1702 ud
459 1637 575 1724 argenti
612 1639 690 1705 lona
702 1636 765 1703 visa
780 1638 867 1703 levis.
1024 1709 1026 1715 ,

133 1722 177 1788 16
196 1718 260 1794 Sed
279 1740 338 1791 nec
350 1655 540 1818 &phyteum
553 1656 639 1818 goffer
658 1721 780 1819 hanoae
802 1742 875 1787 uare
890 1722 1068 1804 metallum,

247 1799 323 1867 Nec
341 1823 456 1889 cyanus
471 1803 588 1887 viridis,
608 1824 667 1868 nec
685 1740 942 1891 prettoff'usonyx.

134 1902 175 1969 17
194 1883 276 1954 Non
294 1905 416 1972 aurum,
427 1884 570 1952 Pariusve
586 1887 663 1970 lapis
680 1888 891 1958 circumdatus
901 1908 988 1975 auro,

245 1970 339 2037 Hanc
355 1985 496 2055 poterunt
506 1968 622 2036 meritis
638 1970 823 2055 equiparare
838 1972 917 2053 suis:

195 2051 277 2120 Non
286 2055 413 2143 magnes
422 2052 557 2142 rigidum
566 2051 654 2153 gestit
662 2073 758 2137 quern
780 2076 942 2125 accurrere
955 2054 1088 2139 forum,

245 2138 380 2225 Quaque
396 2139 471 2205 licet
486 2142 574 2206 laten
589 2138 769 2209 continuare
786 2144 878 2208 latus.

131 2220 172 2296 18
193 2219 246 2309 Te
262 2222 577 2322 quoque‚coraliurn!
597 2223 695 2290 dentis
707 2224 862 2293 absconde
872 2228 1017 2313 tenebris,

193 2306 993 2491 Vinggaegggnnggdvgggggggagacgtogepggers.

247 2472 338 2557 Quos
355 2489 431 2558 pant
446 2490 561 2539 externi
604 2496 667 2541 rves
684 2495 775 2545 arena
837 2497 857 2539 ι.

128 2577 170 2640 19
191 2555 272 2624 Hac
289 2556 332 2626 est
350 2555 464 2624 eximio
479 2553 573 2644 longe
595 2554 790 2627 anteferenda
804 2573 928 2645 topazo,
1067 2634 1070 2641 ,

242 2634 430 2728 AEthiopum
445 2639 550 2706 calido
566 2639 621 2722 qui
637 2640 721 2707 venit
738 2662 794 2708 axe
814 2642 914 2728 lapis:

191 2723 304 2796 Purior
319 2724 383 2788 haec
400 2743 477 2790 auro
494 2722 536 2790 eil
558 2723 610 2789 cui
627 2723 733 2793 sordes
746 2723 889 2795 funditus
906 2745 1016 2796 omues

243 2804 393 2875 Edomuit
406 2807 502 2892 rapidi
517 2774 645 2894 aprima
661 2808 881 2898 flammarogi.

129 2913 172 2962 20
192 2891 264 2973 Jam
282 2892 333 2957 fibi
351 2903 446 2974 quern
462 2890 564 2963 divina
580 2894 726 2960 thronum
740 2893 885 2976 sapientia
899 2893 1000 2964 tecit?

244 2976 281 3041 In
298 2995 359 3056 qua
376 2974 517 3061 dignatur
531 2995 644 3058 ponere
660 2976 731 3048 sede
748 2975 885 3060 pedem?
964 3009 966 3021 »

131 3082 167 3127 21
192 3055 273 3135 Non
289 3059 378 3124 illam
394 3061 500 3144 tellus,
520 3078 584 3126 non
601 3058 691 3132 illam
707 3057 858 3142 conspicit
878 3078 994 3145 equor,

241 3141 347 3215 Penna
363 3162 422 3216 nec
436 3145 539 3219 aereas,
558 3163 627 3226 quae
641 3143 725 3215 secat
740 3147 804 3210 alta
813 3144 889 3212 vias.

127 3250 170 3296 22
193 3227 281 3295 Illius
292 3224 434 3293 attonitas
452 3225 572 3302 resonat
585 3227 660 3293 mihi
674 3226 760 3298 fama
775 3247 828 3310 per
848 3247 949 3314 aures,

241 3308 332 3376 Dicit
346 3309 511 3377 Avernalis
527 3311 616 3377 turba
630 3313 746 3377 colona
756 3309 860 3376 laedo.

127 3418 169 3481 23
191 3393 286 3465 Solus
298 3408 329 3460 at
346 3391 553 3478 Omnipotens
570 3395 649 3470 hanc
668 3395 787 3465 lumine
801 3394 899 3464 cernit
912 3395 1022 3483 acuto,'

214 3478 307 3545 Hanc
323 3477 430 3544 animo
445 3478 531 3546 solus
543 3478 679 3565 concipit
695 3479 751 3544 ilie
764 3477 832 3551 suo.

127 3583 170 3649 24
188 3565 249 3630 Ille
266 3561 352 3638 oculi
367 3561 468 3628 radios
485 3561 549 3628 latd
571 3561 718 3630 diffundit
733 3564 766 3630 in
782 3566 901 3649 orbem,

242 3643 427 3729 Cunctaque
449 3646 601 3736 stelligero
617 3647 737 3714 subdita
751 3669 844 3736 regna
859 3651 982 3713 throno.

128 3751 171 3814 25
191 3729 335 3805 Pondera
349 3744 524 3816 ventorum,
544 3732 653 3798 tumidi
670 3751 796 3813 quoque
813 3730 949 3816 pondera
963 3729 1060 3814 ponti,

242 3811 336 3878 Olim
389 3814 507 3899 rpendit
520 3812 577 3882 riti:
593 3815 715 3880 bilance
731 3815 805 3899 pari.

128 3899 171 3971 26
192 3897 328 3969 Fecit&
379 3899 466 3971 leniae
485 3900 564 3967 fidus
579 3899 715 3985 pluviale
731 3902 870 3985 capella,

244 3979 410 4050 Constituit
426 4000 544 4060 cetram
561 3981 808 4136 fugminibusque
823 3984 968 4052 domum.
1009 4058 1043 4128 T

649 4087 710 4135 xa
949 4079 990 4147 η
1045 4077 1106 4128 unc
