2792 4800
522 439 554 529 c
602 434 640 528 ll
688 444 729 529 P.
781 425 855 526 lli.
1081 452 1166 551 sii·

230 579 337 676 Copia
349 576 432 675 lapsi
447 584 520 676 ruit,
530 588 693 677 Zephyrus
710 573 936 656 cumulandus
952 587 984 655 in
1002 580 1132 662 Austros

232 674 410 760 Traulirp&
420 676 572 759 ambigua
586 676 676 742 versa
688 675 730 740 est
741 690 808 740 rota
823 675 943 739 lubrica
953 674 1057 743 sortis:

231 756 397 843 Tempore
410 761 452 825 fic
468 775 556 824 cerro
568 762 650 824 bona
667 776 753 841 parta
763 760 1078 846 tuerier·aequu1neil,·

233 843 365 930 Frigora
388 843 475 925 queis
491 842 663 926 duramque
678 841 798 907 famem
813 842 968 925 depellere
983 843 1087 928 pollis,

231 926 290 991 Ne
306 930 403 993 vitam
419 928 513 994 orbus
524 937 601 1013 'agas
625 927 656 993 dr
672 927 775 1010 inops:
799 928 837 989 fic
855 941 997 1010 tempore·
1009 941 1098 998 certo

234 1013 385 1096 Quaesrtas
402 1011 571 1095 dispergere
588 1029 660 1093 opes
679 1011 744 1076 sors
760 1009 836 1075 dura
852 1011 989 1094 requirirq

232 1093 366 1160 Parcere
378 1114 436 1159 nec
449 1096 557 1177 partis:
577 1094 675 1160 avidis
690 1085 733 1160 lic
749 1093 868 1178 ignibus
885 1095 992 1183 ingens

232 1176 298 1243 Cui
316 1178 431 1246 domus
447 1177 648 1261 ardesciefibi
664 1180 742 1243 dum
756 1178 831 1275 suga
847 1193 913 1266 tuta
927 1180 1080 1267 superiitp·
1148 1183 1150 1191 '

234 1263 358 1327 Cretera
374 1281 440 1328 non
455 1262 574 1327 dubitat
590 1261 695 1327 subitis
713 1276 889 1345 permittere
902 1264 1054 1341 flammis;

230 1343 311 1411 Nec
327 1347 427 1412 renuit
443 1346 561 1410 medias
578 1364 697 1410 merces
719 1340 878 1412 effundere
894 1343 926 1409 in
945 1348 1054 1412 undas

232 1427 364 1513 Navita,
381 1428 458 1495 erim
476 1430 588 1514 rapidis
605 1430 677 1494 ratis
692 1429 734 1494 eil
752 1428 861 1511 agitata
876 1432 1037 1516 procellisp

232 1513 279 1580 Et
292 1514 410 1578 damno
426 1514 543 1579 leviore
560 1514 671 1577 anima
686 1511 842 1596 dispendia
863 1512 949 1578 vitat.
1037 1521 1039 1524 ’

186 1598 208 1685 '7
232 1598 287 1663 Sic
304 1599 381 1662 alias
397 1598 507 1663 sarcire
524 1598 625 1682 decer,
645 1597 697 1661 sed
717 1614 859 1679 rumpere
871 1597 987 1663 vestem
1023 1661 1025 1664 .

235 1679 370 1756 Tristior
385 1683 460 1746 hora
474 1696 587 1748 vocat:
608 1701 693 1746 nunc
705 1701 759 1745 ora
767 1681 927 1746 resolvere
942 1680 1046 1749 verbis

231 1763 359 1850 Libera·
379 1785 463 1834 nunc
481 1766 582 1832 tacita
596 1765 742 1831 mandare
759 1765 874 1833 silentia
894 1765 1010 1853 lingua

232 1850 309 1915 Alta
324 1849 427 1933 decet5
445 1851 541 1916 veluti
557 1848 675 1913 diversa
692 1851 939 1913 occaliorerum

229 1930 371 1999 Postulat
385 1950 439 1999 aut
453 1934 610 2017 prohibet:
631 1932 798 1999 vario-sors
812 1928 1038 2002 lubrieauulru

230 2014 371 2081 Munera
387 2037 444 2100 pro
459 2018 550 2083 variis
566 2018 687 2088 vicibus
703 2016 820 2083 diversa
836 2016 982 2097 requirite

233 2100 268 2164 si
287 2102 340 2165 tibi
358 2101 418 2169 dre
433 2101 495 2179 ruis
515 2105 620 2169 valeas
634 2100 782 2185 prodesse,
798 2100 996 2183 loquendum
1012 2101 1071 2183 est3

231 2178 329 2249 Tunc
347 2186 402 2250 tibi
418 2187 510 2253 verba
524 2190 631 2269 fluant,
646 2187 722 2249 alias
738 2184 863 2253 tacuisse
876 2184 1007 2269 juvabit,

196 2301 199 2305 ·
232 2269 342 2349 Atque
358 2270 507 2350 loquendi
523 2270 648 2335 avidam
664 2269 758 2333 frenis
776 2270 981 2352 constringere
995 2270 1038 2333 lin
1061 2287 1145 2339 uam.

187 2343 208 2426 8
232 2348 333 2416 Nune
351 2352 453 2416 socius
471 2374 546 2419 vero
561 2353 614 2419 ribi
630 2351 885 2435 conpreueudus
900 2359 1008 2418 amore
1025 2290 1084 2434 eiu

231 2434 270 2498 N
274 2454 335 2497 unc
354 2436 374 2498 li
392 2436 553 2523 degeneret
570 2436 702 2518 penitus,
725 2438 745 2500 si
760 2439 832 2518 jura
847 2435 1006 2515 fidemque

229 2516 396 2602 Negligaq
412 2519 442 2584 dr
457 2519 536 2583 vitiis
553 2519 616 2582 sese
632 2518 772 2597 inquiner
788 2517 1021 2606 illepudendisp

230 2602 369 2665 Materia
384 2602 426 2668 eil
442 2603 507 2666 odii
523 2600 712 2666 meritorius
728 2602 820 2684 impia
833 2600 945 2669 sardii:
1070 2651 1073 2657 ·

231 2685 395 2768 Tempora
415 2706 499 2752 nuuc
516 2686 647 2767 poscunt
663 2703 782 2750 armare
797 2687 829 2751 in
846 2685 949 2768 prelia
964 2685 1116 2774 delitum-5

230 2768 385 2851 Dumque
401 2769 556 2854 sanguinei
573 2768 695 2835 subiisse
707 2770 844 2852 pericula
861 2770 937 2836 belli

232 2853 387 2936 Protinus,
404 2855 502 2920 hostili
519 2868 649 2935 pareant·
661 2874 700 2917 ne
717 2844 822 2936 praedax
832 2854 929 2918 furori

230 2937 345 3020 Parria5
367 2941 501 3020 libertas,
522 2938 551 3009 ἀ
570 2947 640 3018 que
655 2937 709 3000 tibi
732 2957 804 3000 cara
818 2938 977 3018 supersunt

231 3020 362 3103 Omnia,
380 3022 457 3087 crim
474 3022 571 3085 niriuo
594 3024 737 3086 fiorentes
760 3035 815 3086 ere
838 3025 1004 3109 phalanges

229 3093 388 3186 Undique
404 3105 639 3171 convenientia
656 3120 695 3186 re,
713 3106 932 3185 excidiumque
953 3112 1095 3182 tuorumr
1113 3110 1115 3113 ’

229 3190 288 3255 Ast
305 3191 394 3271 alias,
404 3192 561 3273 placidam
576 3187 673 3261 dulce
688 3189 736 3253 eil¹
746 3186 919 3254 &amabile
936 3207 1049 3270 pacem

229 3273 401 3356 Ampleeli,
422 3274 566 3358 pacisque
584 3274 672 3338 bonis
688 3273 815 3354 impune
838 3272 938 3355 potiri.

189 3380 211 3446 9
231 3356 318 3443 Ergo
336 3359 411 3438 quid
434 3355 599 3423 innumeris
622 3356 762 3421 animum
778 3357 947 3440 discerpere
965 3355 1049 3421 curis

231 3443 319 3532 Gens
338 3446 470 3508 humanu
487 3441 599 3541 juvar?
619 3444 669 3504 vel
689 3441 750 3521 qul
768 3442 885 3507 rarione
901 3439 1014 3535 laboris

230 3525 386 3592 Lenimeu
406 3540 536 3610 repente
551 3538 650 3606 porea·
669 3541 857 3606 porrumque
872 3525 1010 3591 doloris?

188 3631 209 3678 0
230 3607 320 3674 Nam
334 3626 506 3692 quocumq;
519 3611 640 3690 oculos,
652 3606 825 3690 animumq3
842 3609 1005 3673 adverteris
1016 3623 1141 3690 agrum,

230 3693 349 3777 Omnia
367 3698 497 3781 languor
512 3696 612 3777 habet,
622 3693 743 3774 propria
759 3693 813 3756 sub
830 3692 1115 3776 inolegravanrur3

231 3775 307 3841 Nec
325 3779 407 3864 genii
423 3783 563 3845 humanae
577 3783 683 3840 veram
701 3778 830 3856 reperire
847 3776 983 3855 quietem

229 3862 304 3940 Fau
322 3864 401 3927 haud
418 3862 473 3928 ille
491 3862 558 3927 finit
572 3861 668 3943 superi
686 3859 844 3944 Regnator
862 3855 908 3922 Ol
928 3857 1004 3943 mpir

190 3967 203 4013 r
227 3943 392 4027 Tempore
407 3945 544 4028 quidque
565 3945 621 4017 suo
638 3949 794 4027 pulcrum,
811 3878 962 4022 vultudue
977 3941 1108 4026 decoro,

227 4029 338 4107 Efficit
355 4029 410 4095 ille
422 4020 534 4114 Deus3
554 4047 685 4113 puerum
701 4027 829 4112 pueri-lia
846 4023 931 4093 certe

576 4109 611 4181 D
631 4111 653 4178 d
672 4111 705 4199 d
1048 4102 1149 4175 Faue
