2792 4800
315 315 320 324 ’
370 362 403 439 o
453 360 489 439 n
533 364 593 438 n·
629 364 846 446 xxxvn.
1041 380 1113 475 3⁶9

186 494 254 590 Sic,
276 518 310 569 ut
327 522 380 587 per
397 504 506 570 orbem
523 504 675 586 quidquid
693 506 748 571 ille
759 508 888 596 jusserit,-
954 515 956 519 '

188 588 340 689 Peragant
356 590 388 678 in
405 608 515 653 omnes
531 590 674 655 nationes
684 592 833 680 undique,
964 607 966 611 ’

188 675 416 757 Qualcumque
435 672 519 737 clara
536 675 667 754 percutit
682 674 729 739 sol
748 681 889 761 cuspide:
1002 677 1007 685 '

128 767 167 844 13
189 757 262 824 Sive
285 756 317 821 in
334 772 471 823 catervas
488 757 605 839 spargat
623 758 707 843 ignes
724 760 844 848 impias,

189 842 253 906 Seu
272 840 447 905 srecalaetis
466 861 538 904 arva
553 841 680 906 inundet
694 843 854 933 imbribus,

188 924 253 990 Seu
271 926 353 1009 figna
374 925 468 987 amici
483 923 535 989 det
550 923 674 1009 favoris,
693 926 853 1009 splendida
886 982 889 989 ,

188 1009 253 1074 Vel
271 1010 319 1083 bis
335 1012 385 1072 vel
404 1009 466 1073 illis
483 1008 627 1073 exhibens
645 1009 808 1079 miracula.

130 1109 169 1179 14
188 1092 265 1157 Huc
285 1091 371 1178 ergo,
392 1091 486 1171 Jobe!
507 1092 629 1171 intende
646 1096 756 1159 mentis
774 1099 911 1182 lumina,
988 1093 996 1156 s

188 1175 255 1241 Hic
274 1176 327 1258 ssa,
348 1174 472 1259 Deique
486 1174 568 1239 fabia
585 1176 724 1240 miranda
739 1180 870 1263 adspice.

126 1276 165 1343 15
184 1257 319 1324 Nostine
330 1275 462 1343 tempus,
479 1280 543 1340 quo
555 1257 684 1324 Creator
698 1264 840 1332 omnium

189 1344 305 1409 Sedem
322 1344 464 1408 univerfis
482 1342 635 1407 destinarit
650 1344 801 1412 nubibus?
849 1407 853 1413 .

129 1430 167 1494 16
188 1428 325 1507 illasque
341 1430 428 1490 claro
443 1426 613 1509 purpuratis
628 1427 765 1494 lumine?

185 1512 323 1590 Illasque
340 1528 470 1574 curvum
488 1510 519 1573 in
534 1508 686 1573 fornicem
703 1511 909 1595 suspenderit?
953 1511 955 1514 ’

185 1591 321 1658 Nostine
331 1592 424 1673 facta,-
442 1613 508 1673 quae
521 1613 578 1674 per<
589 1595 672 1657 orbis
682 1596 811 1677 ultimas'

188 1676 271 1741 Oras
288 1676 599 1758 potenti'perpetravir
615 1677 737 1743 denteri

188 1760 258 1825 Rex
278 1760 344 1843 ille,
364 1774 437 1824 nutu
457 1759 569 1823 cunda
585 1761 636 1839 qui
652 1762 727 1846 regit
742 1760 818 1829 suo?

135 1860 172 1928 17
193 1844 261 1909 Aut
277 1846 416 1907 membra
430 1844 519 1909 vestis
535 1859 569 1907 ut
583 1843 680 1908 ret'ota
694 1859 811 1911 recreet
888 1871 891 1914 ;

186 1926 315 2009 Tepore
333 1926 447 1991 blando
464 1928 541 1991 veris
558 1927 689 1991 adventu
703 1928 793 1994 novi:
850 1996 854 2007 ,

186 2011 275 2075 Aura
294 2026 452 2074 comantes
468 2012 520 2075 vix
536 2026 679 2074 movente
693 2009 857 2081 fraxinos?

132 2093 170 2163 18
191 2091 288 2160 Tune
303 2094 373 2159 huic
390 2094 504 2160 sodalis
521 2094 653 2158 siderum·
666 2098 778 2177 palatia

185 2178 337 2243 Convexa
353 2180 421 2243 latis
440 2179 568 2242 brachiis
586 2179 779 2263 distenderas,

188 2262 270 2343 Quae
286 2264 374 2325 firma
390 2263 508 2344 semper
522 2278 699 2342 permanent
714 2264 870 2330 reddentia

188 2345 270 2410 Virri
282 2349 424 2410 colorem
438 2345 534 2410 fusilis
550 2345 792 2409 christallinum?

128 2450 168 2514 19
190 2430 309 2506 Ecquis
326 2429 469 2508 loquendi
485 2429 656 2492 formulam
672 2429 881 2492 monstraverit

190 2509 295 2575 Deo,>¹
307 2512 454 2590 loquendi
468 2509 638 2574 formulam
655 2529 718 2572 non
735 2511 902 2594 cernimus,

186 2594 318 2659 Obsessa
336 2594 417 2657 tanta
437 2594 479 2656 est
495 2593 594 2657 nostra
609 2610 696 2656 mens
714 2595 859 2690 caligine:

187 2680 255 2743 Aut
270 2679 377 2757 ecquis
395 2677 442 2740 illi
459 2693 511 2739 me
527 2676 614 2758 loqui
629 2675 825 2740 indicarent?

123 2785 165 2832 20
186 2760 276 2827 Nam
293 2762 383 2841 tiquis
399 2761 490 2823 illum
507 2759 635 2841 coeperit
649 2759 748 2824 modo
765 2761 897 2846 alloqui,
965 2777 969 2789 ·

185 2843 281 2910 Certe
296 2849 351 2909 ille
365 2862 440 2909 mox
455 2843 678 2928 miraculorum
694 2845 833 2909 millium

183 2927 281 2995 Vasto
297 2943 420 2995 voratus
436 2947 556 3007 aequore
571 2928 785 2992 absorbebitur.

125 3033 159 3081 21
184 3011 298 3094 Nunc,
312 3015 404 3077 ecce!
420 3009 521 3075 fuscat
535 3010 691 3091 squalidas
705 3009 783 3073 fumi
799 3028 894 3092 vapor

112 3101 115 3108 '
183 3096 308 3179 Nubes,
328 3096 442 3160 anhelis
459 3097 612 3177 profluens
627 3113 663 3157 ex
681 3095 811 3175 ignibus,

180 3180 352 3261 Massdque
366 3181 504 3260 terrae,&
521 3178 646 3243 aestuoso
661 3196 697 3241 ex
711 3196 849 3257 aequorea

182 3264 230 3330 At
245 3267 298 3328 has
315 3265 431 3328 serenat
446 3277 568 3343 ventus,
586 3264 615 3326 ὅ(
630 3261 790 3324 velocibus

183 3346 296 3413 Pennis
311 3349 482 3495 uiprantem
496 3346 614 3428 diffipar
626 3344 801 3440 caliginem.

119 3453 160 3501 22
181 3431 325 3511 Jucunda
354 3446 455 3513 eptem
471 3428 575 3494 erniffa
589 3428 627 3492 de
641 3428 789 3492 trionibus

183 3515 315 3583 Exhalat
329 3534 414 3597 aura,
432 3513 454 3578 s
469 3514 535 3577 iritu
555 3514 584 3577 dt
601 3512 662 3576 leni
679 3514 776 3576 fluens

181 3599 315 3665 Coeium
330 3534 467 3684 benignd>
476 3597 594 3682 mitigat
609 3595 784 3660 clementii.

115 3704 157 3772 23
181 3681 215 3747 0
233 3684 327 3764 quam
339 3680 490 3746 verendus
506 3682 548 3746 est
564 3679 694 3746 Creator
707 3677 851 3744 omnium

182 3764 310 3832 Decote
326 3767 462 3848 summo,
480 3763 637 3850 dignitate,
657 3763 780 3830 robore!

182 3848 218 3913 O
236 3849 399 3947 perspicaci
415 3849 527 3913 mentis
545 3850 638 3911 illum
652 3845 772 3910 lumine

179 3933 262 4019 Quis
277 3934 384 4010 intueri
401 3933 539 4004 sustinet!
561 3949 657 4013 quem
671 3925 792 4017 fulgida
1069 3999 1089 4025 ἡ

488 4016 522 4084 Α
540 4035 560 4082 a
578 4035 597 4083 a
993 4005 1104 4097 Rader
