2792 4800
522 377 555 453 C
605 374 641 453 A
690 382 729 453 Ρ.
797 384 851 457 Χ.
1120 392 1202 499 417

271 495 335 588 Sed
354 524 459 583 tamen
478 497 569 583 unius
584 517 662 583 nitio
678 519 867 603 quandoque
880 514 997 590 scelelli
1030 547 1033 551 ·

271 602 415 687 Fabrica,
435 621 531 685 quam
541 600 633 667 door
646 604 791 686 sapientia
807 606 948 672 condidit
963 623 1038 692 arte,-

269 684 454 771 Dellruitur,
473 687 672 770 subitamque
683 689 772 754 trahit
789 689 939 756 convulsa
955 694 1107 782 ruinam,¹

507 908 743 991 CAP.
822 912 879 991 X.

264 1099 391 1257 Slcut
406 1100 444 1163 ab
461 1098 609 1164 exanimis
625 1092 786 1166 mutantur
800 1104 938 1169 aromata
954 1100 1082 1193 muscis,

269 1196 272 1203 '
341 1182 465 1250 Artisici
481 1183 640 1267 composta
655 1202 762 1266 manu·
780 1184 946 1268 dulcedine
962 1208 1059 1276 capra

265 1268 418 1337 Suavibus
435 1268 597 1354 unguentis
614 1266 691 1331 curn
708 1269 852 1334 immersa
862 1271 1011 1339 cadavera
1027 1278 1186 1367 linquuntq

265 1352 318 1418 Ac
336 1349 445 1434 liquidi
462 1352 576 1417 foetore
593 1352 677 1437 gravi
693 1352 851 1417 foedantur
866 1355 996 1426 odoret:
1243 1338 1257 1377 ”

210 1487 220 1499 ,
264 1435 320 1502 Sic
337 1452 464 1518 quoque
480 1435 609 1500 llultitiae
625 1435 803 1520 minimum·-
820 1435 964 1519 sapientia
981 1445 1085 1510 claros
1207 1469 1211 1477 ·

264 1520 356 1603 Quos
373 1518 458 1603 facit,
476 1520 590 1605 exigua
608 1523 782 1584 maculatos
800 1522 929 1587 crimine
947 1525 1023 1590 labie

261 1599 453 1684 Dedecorat‚
469 1607 606 1667 celebres
623 1605 743 1667 nebulis
754 1603 892 1669 obducit
908 1608 1050 1675 bonores.

221 1706 238 1753 2
261 1687 321 1754 Vir
335 1687 451 1770 sapiens
467 1688 583 1772 peragit
598 1685 731 1751 feliciter
748 1689 871 1767 omnia3
887 1688 940 1753 sed
957 1692 1010 1774 qui

262 1770 383 1837 Mentis
401 1770 488 1853 inops
506 1790 552 1843 res
569 1772 740 1857 aggreditur
753 1770 831 1836 facit
846 1776 952 1838 omnia
967 1772 1073 1863 prater

261 1854 473 1937 Successuque
490 1870 595 1918 carent
610 1852 669 1918 aeti
688 1856 748 1919 fine
764 1869 867 1918 mente
884 1858 1015 1923 labores.-

220 1958 238 2024 3
261 1940 296 2005 ln
314 1939 424 2003 mediis
441 1938 630 2018 ubicumque
647 1938 705 2003 viis
723 1938 896 2003 malesanus
913 1940 1035 2007 oberrat

262 2022 394 2103 Stultus,
411 2023 442 2088 ἂ
458 2022 490 2086 in
506 2021 614 2104 plateis
631 2021 753 2108 vestigia
769 2024 837 2108 figit
855 2023 975 2108 apertis,

257 2106 427 2190 stultitiam
445 2110 547 2171 celare
562 2106 923 2190 nequit,·manuumquc
931 2107 1112 2190 pedumque

258 2189 403 2256 Motibus
421 2193 484 2254 haec
503 2191 606 2255 oculis
619 2189 777 2254 manifesta
796 2190 837 2255 eli
849 2190 985 2273 undique
1002 2191 1138 2281 cunetiq

259 2269 335 2337 Nec
352 2273 457 2337 minuis
478 2274 556 2337 hanc
576 2273 680 2355 prodit
695 2274 805 2336 turbati
820 2273 934 2337 insania
950 2273 1066 2340 vultds.

215 2375 237 2441 4
257 2359 306 2424 lra
323 2352 514 2442 magistratds
533 2357 584 2421 ubi
603 2375 632 2421 te
648 2356 759 2439 premit
774 2356 887 2440 aspera,-
903 2376 1077 2440 numquam

259 2440 381 2504 Officio
398 2439 520 2503 discede
536 2455 608 2517 tuo;
624 2439 687 2519 sed,=
705 2440 793 2503 lasus
812 2441 850 2500 ab
866 2440 936 2522 illo,

253 2525 282 2588 F
284 2543 316 2586 cr
332 2522 462 2605 patiente
478 2524 600 2586 animo:
622 2520 741 2586 rabidas
759 2521 900 2602 patientia
917 2534 1036 2587 mentes

256 2607 362 2688 Leon,
382 2608 411 2671 dt
428 2606 606 2670 horribilem
621 2604 734 2667 vinclis
750 2605 861 2686 premit
875 2604 932 2667 illa
944 2603 1096 2672 sutorem.-

215 2705 233 2774 5
255 2693 328 2756 Hoc
347 2709 473 2772 quoque
489 2686 690 2770 spedandum
706 2687 794 2752 nitidi
809 2684 862 2752 fax
878 2707 970 2752 aurea
986 2691 1096 2756 mundi

252 2773 438 2839 huminibus
454 2774 561 2837 nollris
578 2769 703 2835 dederat
719 2771 901 2851 miserabile,
931 2771 983 2835 sed
1001 2773 1086 2856 quod

256 2859 362 2923 Fluxit
378 2859 415 2920 ab
433 2857 528 2920 insani
549 2856 642 2920 llulto
657 2853 870 2920 moderamine
886 2855 1002 2942 Regis:

212 2943 234 3006 6
256 2942 391 3007 Stultitia
407 2940 567 3004 excelsum
582 2938 763 3004 conscendit
778 2945 907 3002 culmen
925 2938 1062 3024 honoris,

211 3024 470 3108 7·Dejiciturquc
486 3022 581 3110 gradu
598 3022 753 3104 sapientia·
778 3020 915 3085 Lumina
929 3019 1008 3103 saepd

252 3111 327 3175 Hoc
345 3115 415 3171 mea
432 3107 573 3172 viderunt
590 3107 667 3188 lieri,
684 3126 736 3188 per
752 3125 833 3186 rura,
850 3123 904 3188 per
920 3105 1027 3172 urbes:

252 3192 373 3259 Mentis
389 3194 488 3274 inops,
506 3205 558 3254 rna
579 3189 616 3254 nl
634 3186 793 3253 funiulrim
814 3189 937 3272 stipante
956 3186 1092 3276 caterva,

252 3275 453 3362 Quadrijugis
472 3276 540 3338 inve
573 3291 609 3338 us
627 3273 725 3355 equis,
743 3272 821 3336 inse
837 3291 892 3335 ora
907 3273 1043 3337 trahebat

250 3360 405 3441 Undique
422 3357 581 3442 spectantis
599 3356 717 3441 populi,
734 3357 812 3420 dum
830 3355 923 3418 divite
937 3355 1027 3440 juxti

251 3444 398 3509 Praediius
418 3444 552 3531 ingenim
573 3443 646 3523 quia
661 3441 732 3510 sola*
746 3440 876 3523 pecunia
894 3439 980 3523 defit,

250 3527 346 3594 Solus
363 3528 510 3610 inopsque
525 3527 629 3607 suum,
647 3524 814 3589 comitante
830 3523 959 3588 satellite
977 3526 1080 3609 nullo,

248 3612 357 3694 Carpit
373 3612 439 3694 iter,
457 3612 619 3692 spretoque
637 3610 748 3691 premit
764 3607 885 3704 vestigia
901 3607 1010 3690 gressu.

200 3686 224 3764 8
247 3697 311 3844 gui
329 3710 458 3779 puteum
473 3693 565 3777 fodit,
582 3695 707 3758 alterius
726 3693 778 3772 qui
794 3709 869 3755 retra
880 3694 949 3754 vitae

281 3780 346 3843 lim
363 3779 457 3865 struit,
474 3779 529 3842 ille
547 3778 598 3855 srbi
618 3778 774 3843 interitum
790 3792 874 3858 parat
892 3774 965 3857 ipse,
981 3769 1104 3852 suisque

247 3863 572 3963 Implicituslaqueis,
590 3866 681 3953 nullo
697 3862 873 3956 auxiliante,
889 3855 1019 3954 jacebit:

170 4014 178 4026 ,
244 3949 312 4034 Qui
329 3946 406 4016 verb
424 3949 556 4035 irriguos
575 3948 880 4031 septum-perrumpit
897 3963 930 4011 m
946 3941 1062 4026 hortos,

551 4031 684 4118 *Ggg
1118 4014 1178 4089 P&
