2792 4800
209 781 395 945 C'A

186 1007 1147 1294 mosis,

212 1355 345 1471 Quod
360 1352 596 1435 continetur
618 1319 836 1428 Dnurnn.
855 1347 952 1457 Cap.
976 1350 1109 1432 xxxii.

432 1534 549 1603 Latino
565 1532 703 1600 carmine
719 1530 903 1601 redditum:
1063 1610 1067 1615 ,

198 1660 357 1748 Eodem
388 1662 661 1790 Guprunrro
699 1661 897 1747 Hoono
927 1659 1124 1749 Auctore.

311 1869 426 1952 Udite,
442 1865 465 1932 ὀ
483 1865 585 1934 Coeli!
598 1887 667 1950 quae
677 1884 761 1932 nunc
771 1887 831 2016 effu
842 1868 933 1935 verba
943 1867 1149 1955 profundam,

213 1878 308 2079 A
331 1954 372 2020 Et
387 1971 494 2034 voces,
518 1951 540 2016 d
561 1955 660 2017 terra!
681 1967 769 2016 tuam
808 1953 912 2018 emitte
928 1974 982 2039 per
997 1974 1108 2022 aurem

331 2036 519 2120 Mellifluas,
540 2055 617 2117 quas
629 2034 690 2118 ipse
705 2053 818 2102 canam
839 2035 1006 2104 dulcedine
1021 2039 1112 2106 miri.

195 2144 215 2195 2
236 2118 359 2219 Magna
369 2117 1149 2210 canam,mirandaferam,memoraudarecludac,

234 2204 346 2289 Quers,
365 2223 440 2288 gens
455 2203 627 2269 Isacidiim!
646 2205 775 2285 cupidas
787 2205 808 2268 fi
820 2203 973 2271 advertitis
985 2226 1087 2290 aures,

233 2287 382 2360 Efficiam
396 2288 507 2353 virtute
518 2288 659 2352 animum
675 2286 848 2375 florescere,
865 2300 1028 2371 tamquam

234 2371 382 2438 Coelellis
398 2369 483 2438 cadit
497 2370 597 2436 imber
612 2388 711 2455 aqua,
732 2389 798 2453 quo
807 2370 946 2458 gramina
961 2370 1108 2459 strrgunt:
1176 2443 1189 2461 ,

234 2456 291 2523 Ac
308 2453 405 2523 veluti
421 2474 472 2518 ros
487 2452 581 2518 mani
599 2472 683 2518 novo
697 2452 858 2523 descendit
876 2455 909 2520 in
919 2455 1038 2541 herbas,

234 2540 377 2622 Indeque
391 2536 532 2621 purpurei
545 2534 699 2602 revirescit
711 2537 818 2621 glorier·
824 2536 911 2621 prati.

195 2645 216 2711 3
237 2621 328 2688 Nam
344 2620 486 2687 nauum
507 2621 672 2686 celebrabo
686 2616 807 2706 Deum,
826 2638 991 2704 rerumque
1007 2619 1146 2693 Parentis
1225 2701 1228 2707 ,

236 2708 311 2788 Jure
328 2726 387 2794 ego
403 2702 585 2786 douiloqut
602 2702 734 2769 referam
747 2704 901 2788 precoro
923 2706 1052 2803 lingui:

235 2792 307 2858 Vos
328 2809 454 2874 quoque
468 2786 550 2854 facia
567 2785 630 2854 Dei
647 2787 759 2875 linguis
773 2789 927 2855 celebrate
945 2788 1073 2858 disertis.

195 2894 218 2960 4
237 2876 297 2940 lllc
313 2878 399 2939 velut
415 2892 503 2954 rupes
518 2873 624 2937 medio
641 2873 683 2936 est
701 2872 873 2939 firmiffima
891 2888 999 2955 ponto,

238 2960 318 3042 Quae
332 2956 473 3024 fremitus
488 2954 624 3019 salientis
640 2975 728 3037 aquae
744 2958 916 3021 contemnit
930 2955 1052 3026 inanes:

236 3040 401 3125 Propontis
418 3058 481 3104 non
497 3038 553 3101 ille
567 3038 628 3104 suis
643 3025 833 3105 frustrabitur
847 3056 1021 3129 umquamp

238 3125 299 3193 lile
316 3124 368 3190 srbi
385 3123 503 3188 constat
517 3120 647 3206 semper,
664 3122 798 3206 justique
813 3137 954 3188 tenorem

237 3208 279 3275 Et
294 3209 358 3274 veri
374 3205 512 3289 reddique
527 3208 606 3271 colit
619 3206 778 3287 seruatque
794 3224 971 3288 perennem,

238 3291 421 3376 Flagitium,
435 3288 612 3369 fraudisque
626 3289 719 3353 dolos
737 3288 848 3354 exosus
863 3290 986 3373 iniquae.

197 3395 218 3455 5
239 3374 308 3442 Ah!
330 3394 425 3460 genus
437 3369 609 3455 Isaciddm!
628 3373 702 3453 quid
714 3371 816 3455 prisco
833 3372 850 3437 i
866 3372 1118 3460 sanguineorum

240 3457 436 3544 Degenerare
453 3456 593 3539 tuam&
609 3473 734 3527 morum
750 3456 911 3539 splendore
921 3459 1036 3543 co'e'git,

241 3541 425 3623 Avertitque
434 3559 505 3605 tuos
521 3556 642 3622 patrum
658 3540 697 3603 de
713 3540 834 3604 tramite
850 3540 963 3626 gressus
977 3543 989 3607 Ρ

196 3628 219 3691 ⁶
239 3625 378 3707 Siccine,
413 3645 467 3689 ens
484 3622 602 3689 insana!
625 3623 828 3705 animique&
845 3623 975 3707 peeoris
991 3641 1108 3708 expers,

239 3708 294 3775 Sic
311 3711 372 3772 ben
403 3708 471 3774 acta
487 3706 551 3774 Dei
566 3725 679 3793 magna
695 3708 725 3773 ot
741 3712 887 3789 preclara
902 3730 934 3772 re
973 3706 1062 3772 ndis?

241 3792 296 3856 An
307 3811 371 3857 non
381 3792 435 3856 ille
451 3807 522 3858 tuus
538 3790 684 3876 Genitor,
695 3790 778 3874 quil
796 3790 879 3855 cade
893 3812 925 3856 re
948 3804 1066 3859 emtam

242 3872 396 3960 Restituit,
410 3875 578 3956 mortisque
589 3876 670 3940 truci
685 3889 716 3940 te
728 3874 745 3937 i
759 3872 852 3939 fauce
866 3874 1012 3940 revulsit?

240 3954 284 4034 Et
300 3957 438 4026 stabilem
452 3958 537 4045 juffit
548 3959 626 4041 ficri,
645 3958 678 4023 in
695 3956 858 4048 solidoque
874 3958 1011 4029 locavit?

351 4091 354 4106 ,
587 4044 700 4115 llio
721 4063 740 4109 2
1006 4033 1160 4129 7Mente
