2792 4800
444 397 674 509 Hypermorus
693 412 938 538 Medicam,
1065 349 1067 354 Ι
1098 446 1175 525 493
1197 485 1200 491 ,

182 562 247 647 Prz
261 556 393 642 reliquis
411 553 527 638 aperite
544 553 643 637 juvat,
660 551 848 636 quesponte
863 566 1020 635 eumentes
1138 578 1141 584 ·

221 637 320 715 Virus
337 644 375 706 ab
392 655 532 705 extremo
550 637 757 721 podiceffsaepe
773 653 917 717 vomunt.
961 689 963 692 ψ

183 732 250 802 Has
268 730 369 796 resera
385 724 481 809 ferro,
501 725 552 787 vel
572 721 684 789 amaris
701 722 791 800 illiue
805 723 923 808 succis,
979 743 981 748 ’

188 807 192 819 '
224 817 297 891 ·Vel,
312 811 463 888 mordace
482 821 588 871 cutem
604 806 920 890 pumicesaepefrica.

191 893 254 969 Aut
269 894 389 978 fison&
401 900 508 976 latent,
527 892 652 977 exsugat
668 891 780 968 hirudo
795 909 953 978 cruorem,
1015 929 1018 933 ·

227 984 294 1051 Aut
310 985 397 1063 aloes
415 997 491 1062 aejger
508 978 624 1075 pocula
641 980 733 1058 plena
749 978 843 1043 bibat.

193 1066 372 1156 Quinetiam
388 1079 532 1129 extremis
549 1061 700 1142 quadrant
715 1076 862 1142 extrema,
880 1062 1022 1145 furorem

205 1153 208 1165 ¹
230 1148 366 1230 Tollere
384 1148 405 1216 st
423 1146 505 1212 ferro
522 1164 588 1227 non
604 1160 705 1234 potes,
724 1146 793 1229 igne
809 1146 915 1215 doma.

194 1232 262 1321 Ure
280 1238 391 1305 locum
409 1229 506 1313 capiti.
517 1228 621 1294 cervix
638 1231 690 1293 ubi
704 1229 854 1316 jungitur,
866 1255 925 1299 ure
1065 1280 1069 1290 ,
1150 1313 1153 1318 Ι

228 1318 372 1400 Brachia,
392 1333 467 1385 mox
483 1313 644 1397 geminum
660 1318 732 1379 crus
751 1317 782 1380 dr
799 1331 966 1401 utrumque
980 1318 1095 1403 femur,
1147 1367 1150 1372 -

194 1400 245 1476 Sic
262 1420 358 1489 grave
374 1399 498 1481 septeno
514 1398 649 1463 manabit
666 1400 905 1488 fluminevitus,
1219 1414 1221 1417 ’

231 1485 274 1552 Et
293 1484 379 1567 quod
396 1504 460 1548 non
476 1481 599 1567 possunt
616 1483 743 1569 singula,
764 1488 865 1551 multa
881 1488 1008 1571 dabunt.

190 1569 272 1656 bunt
288 1573 353 1634 haec
371 1585 484 1653 magna
502 1567 647 1650 quidem;
665 1587 776 1643 verum
791 1570 833 1635 est
849 1571 1023 1653 prasentius
1040 1572 1102 1649 iilis
1188 1569 1198 1626 ³.

232 1653 413 1736 Auxilium,
423 1653 554 1733 .qu0ties
570 1669 659 1733 mens
675 1652 787 1738 agitata
802 1653 886 1720 furit.

191 1738 315 1825 Sponte
331 1737 386 1802 sua
401 1752 566 1817 nemorum
583 1735 671 1811 ficcis
686 1737 721 1801 in
737 1739 874 1804 coilibus
890 1741 997 1810 herba„

223 1819 400 1903 Nascitur,
421 1819 533 1885 Aoniis
548 1839 612 1892 non
628 1819 714 1886 male
729 1836 802 1901 nota
817 1824 912 1909 jugis.

188 1907 280 1976 Huic
297 1904 412 1972 folium
429 1903 554 1987 platani,
574 1904 659 1967 radix
677 1925 760 1987 cepa
778 1910 902 1991 amula,
922 1908 1022 1978 caulis

233 1988 288 2055 Est
303 1987 421 2073 ferulae,
440 1988 522 2053 cnici
538 1987 666 2073 semina,
686 1990 804 2071 flosque
818 1992 905 2055 rosae.

192 2075 290 2164 Haec,
306 2073 440 2154 reliquas
458 2071 534 2137 crim
546 2072 773 2157 conditbiems,
794 2074 966 2155 Aquilonia
977 2076 1080 2150 tideus

190 2219 199 2234 ,
237 2158 381 2243 Frigora,
401 2157 534 2221 brumali
551 2156 605 2220 sub
624 2158 693 2223 nive
712 2157 806 2244 surgit
821 2159 929 2224 humo.

193 2244 298 2311 Grata
314 2241 477 2327 peregrinis
495 2240 536 2303 est
556 2240 767 2307 coturnicibus
782 2243 867 2321 esca3

221 2325 386 2400 ‚Creditur
402 2326 432 2391 dr
448 2338 586 2387 ventrem
604 2320 680 2407 sape
699 2324 779 2387 ciere
795 2324 906 2408 capris.

196 2404 1116 2574 dissidentis&summissim³

197 2573 274 2662 Hic
293 2598 364 2661 ope,
376 2595 453 2642 cum
468 2573 605 2662 furerent
622 2539 706 2639 ’saevae
718 2573 849 2653 Junonis
866 2576 907 2640 ob
924 2574 984 2642 iras

240 2661 399 2744 Pratides,
418 2662 499 2725 hunc
515 2673 654 2723 mentem
670 2657 825 2737 restituisse
839 2658 954 2724 serunt.

196 2750 280 2827 Haec
299 2747 394 2810 animi
411 2744 553 2810 instaurat
567 2743 657 2828 vires,
677 2743 741 2807 hac
758 2741 845 2812 frena
859 2742 957 2809 furori

244 2829 359 2914 Injicit,
381 2831 493 2911 &toto
510 2847 639 2910 corpote
654 2827 739 2891 virus
794 2828 827 2893 it.

198 2917 413 2988 Hellebotum
430 2912 545 2993 Graiis,
564 2913 733 2976 Veratrum
749 2932 767 2982 e
801 2910 884 2975 dieta
895 2908 1027 2999 Latinis,

247 2999 290 3065 Et
306 2998 360 3061 sua
375 2996 428 3078 qui
446 2996 561 3061 invenit
577 2996 706 3060 nomina
719 2993 799 3060 ferre
815 2994 909 3059 dedit.

205 3081 307 3170 Quod
325 3082 409 3164 nigra
425 3081 458 3159 fit
474 3079 571 3163 radix,
590 3079 714 3164 nigrum
729 3079 918 3166 cognomine
932 3078 1058 3151 dicunt:

249 3166 375 3251 Cetera,
392 3165 479 3246 queis
494 3163 578 3227 radix
595 3163 720 3251 albicat,
739 3167 810 3226 alba
825 3177 950 3230 vocant.
977 3207 981 3217 ·

204 3252 294 3321 Hinc
312 3269 393 3334 agro
408 3248 571 3329 querenda
584 3245 684 3316 salus:
728 3248 851 3329 Quibus
865 3247 1005 3331 undique
1018 3247 1121 3316 redes

251 3335 451 3429 Helleboros,
473 3347 599 3400 centum
616 3331 671 3396 sub
685 3333 722 3417 ju
777 3351 856 3415 coge
872 3333 978 3395 boves.

205 3420 294 3488 Silva
309 3415 475 3486 Caledomae
490 3415 655 3498 lustranda,
672 3417 701 3495 ἀ
743 3417 875 3501 rampius
892 3415 1017 3502 ingeus;

252 3502 330 3584 Vix,
345 3517 422 3582 quot
437 3521 527 3584 opus,
546 3503 665 3582 plantas
681 3501 780 3564 insuia
797 3513 862 3564 tota
877 3498 971 3576 dabit.

209 3586 332 3654 Omnia
346 3584 457 3668 vestiga
473 3587 556 3667 loca,
575 3584 755 3666 radicesque
771 3596 922 3668 potentes,

253 3668 295 3749 Et
310 3666 388 3732 folia
404 3669 433 3752 .&
451 3670 553 3751 tiores,
572 3667 750 3751 seminaque
768 3666 829 3750 ipsa
845 3672 923 3751 lege.

211 3753 339 3821 Cunda
354 3770 450 3817 manu
465 3751 586 3817 medici
605 3745 738 3839 miscens
761 3753 848 3816 fimul
865 3749 1000 3832 exprime
1017 3751 1141 3846 succos,

254 3840 347 3921 Quos
365 3838 446 3914 bibat
464 3851 605 3922 egrotus,
624 3857 681 3919 nec
701 3838 760 3900 fine
776 3833 853 3911 faece
871 3832 962 3900 bibat.

212 3922 298 3989 Huic
316 3922 454 4006 cyathos,
470 3921 523 3986 seu
538 3921 626 3987 tristis
645 3922 754 4006 biems,
773 3916 826 3985 seu
842 3931 955 3996 torreat
971 3918 1066 4008 aestas,

253 4001 338 4099 Tres
356 4006 495 4101 veniente
509 4005 572 4095 die,
590 4021 650 4101 tres
667 4008 796 4077 abeunte
810 4001 908 4090 dabis.
1130 4083 1177 4156 H,
