2792 4800
232 398 312 525 sss
589 408 625 515 J
673 407 789 518 ΟΒ
841 417 865 485 1

260 565 283 634 9
301 543 382 614 Non
397 560 501 615 mente
516 547 635 633 semper
651 551 749 633 pollet
765 564 835 618 atas
852 554 981 625 ultimae

303 630 341 700 N
343 652 385 697 on
401 633 537 715 quisquis
551 632 637 699 annis
652 634 773 718 semper
788 638 818 701 ἃ
833 640 995 722 prudentis

304 718 461 783 Praecellit
474 718 566 805 alios,
584 717 752 817 perspicaci
768 721 887 799 lumine

303 800 445 868 Cernens
460 804 609 885 probique
629 804 660 869 dt
676 804 806 886 rmprobi
821 804 1009 880 discrimina.

245 904 286 960 10
305 882 406 951 Nunc
423 886 498 983 ergo
515 887 628 969 quaeso,
648 907 732 952 nunc
747 886 848 954 favete
861 894 995 957 vocibus

303 970 405 1071 Meis,
424 971 560 1053 mthique
575 970 726 1038 differenti
742 974 910 1042 attendite:

306 1055 401 1122 Meas
419 1054 534 1138 latebrl
551 1054 710 1145 opiniones
729 1057 877 1142 exseram,

307 1138 350 1205 Et
363 1137 435 1205 anre
451 1139 592 1225 clansam
605 1138 763 1229 proferam
776 1141 968 1208 sententiam.

247 1244 283 1292 11
307 1223 373 1289 En!
392 1224 452 1308 ipse
469 1228 558 1289 nulla
574 1226 612 1291 ab
635 1246 690 1291 ore
704 1223 839 1292 fundens
855 1243 1018 1305 murmura

305 1308 420 1373 Mutus
436 1304 576 1393 remansi,
596 1307 675 1375 dum
692 1309 816 1375 studetis
833 1311 955 1390 interim

308 1392 479 1476 Responsa,
497 1396 593 1477 tacito
609 1392 705 1458 corde
721 1393 799 1459 dum
814 1393 1008 1478 perpenditis.

247 1495 288 1549 12
308 1470 374 1544 En!
392 1482 505 1543 cuncta
516 1477 636 1562 frustm,
652 1476 882 1544 cundafrustri
893 1478 1072 1556 machinor;

208 1587 220 1613 ·
309 1557 448 1634 Nonest
465 1565 577 1627 lobum
595 1562 647 1642 qui
664 1559 741 1626 sciat
756 1563 985 1646 reprehendere,

309 1644 460 1726 Aptisque
474 1643 532 1708 rite
547 1644 678 1710 vocibus
695 1644 865 1732 redarguat.

248 1747 287 1816 13
308 1726 388 1791 Non
404 1728 458 1790 ille
474 1727 585 1809 iniquis
602 1727 634 1793 in
650 1729 791 1794 homines
809 1731 942 1815 injuriis,

309 1809 372 1877 Sed
389 1811 534 1893 pertinaci
552 1812 719 1880 offensione
735 1814 884 1899 numinis,

304 1891 448 1978 Repente
464 1915 571 1979 poenas
587 1912 653 1977 tam
668 1898 787 1963 severas
801 1899 951 1966 reddidit:

307 1980 384 2047 Hoc
402 2001 436 2044 er
456 1979 478 2045 ὸ
493 1982 561 2065 jam
576 2001 634 2047 vos
651 1980 711 2060 esse
748 1983 924 2050 remonitus
942 1985 1049 2068 veliru,

309 2062 417 2130 Vento
432 2086 450 2127 a
465 2084 504 2146 qe
519 2083 576 2129 vos
593 2067 693 2135 elevet
725 2066 861 2150 uperbia,

307 2144 482 2229 Pennisque
498 2148 586 2213 vanis
601 2144 731 2212 ulterius
748 2166 839 2228 aquo
852 2151 972 2231 evehat,

243 2233 290 2314 '14
309 2226 390 2297 Non
406 2230 460 2295 ille
475 2229 579 2309 foedae
595 2228 704 2317 ingerit
720 2232 895 2301 calumnias

309 2316 346 2384 ln
362 2334 426 2402 me,
445 2335 503 2381 nec
519 2316 613 2381 illum
627 2332 717 2381 more
733 2315 835 2383 vestro
851 2316 1019 2387 criminum

310 2402 478 2468 Falsorum
494 2401 607 2486 iniquis
622 2419 751 2504 arguam
767 2401 932 2488 sententiis.

249 2506 291 2567 15
311 2486 546 2569 obmutuerunt
560 2482 713 2552 ultimum
727 2487 858 2570 silentio,

258 2641 263 2650 ,
313 2571 445 2653 Stupore
461 2569 563 2635 sensus
579 2569 726 2657 alligante
742 2569 900 2636 marcido:

312 2653 411 2719 Mens
427 2654 554 2738 horruit,
573 2673 634 2732 vot¹
652 2655 734 2718 haelit
747 2653 815 2737 ipfis
830 2652 985 2718 faucibus.

252 2737 292 2805 16
312 2734 1080 2833 ExspeSo,longtimexspe&b:nectesponsadattt,

312 2820 393 2888 Alto
407 2823 569 2903 loquelam
582 2820 774 2902 supprmrunt
790 2820 920 2903 silentio,

249 2922 292 2991 ,ιγ
313 2906 511 2992 Linguasque
527 2903 639 2969 sistunt.
682 2900 827 2985 Tempus
844 2904 887 2969 est
900 2921 1060 2989 erumpere

315 2992 353 3058 ln
369 2992 471 3072 verba,
490 2988 565 3071 dixi,
585 2988 626 3071 dt,
646 2987 762 3052 caretis
779 2988 962 3073 tacentibus,

317 3075 451 3158 Vicibus
468 3072 617 3153 loquendi
632 3071 759 3155 propriis
775 3069 862 3157 fungi
876 3074 974 3155 juvat.

255 3155 295 3242 18
315 3158 412 3224 Mens
430 3157 541 3240 nostra,
557 3155 638 3222 valli
653 3160 746 3240 plena
761 3174 865 3220 rerum
880 3157 983 3240 cupid,

315 3242 431 3310 Suadet
447 3240 602 3324 profunda
619 3238 723 3306 cordis
740 3259 854 3306 areana
868 3242 988 3326 eloqui,

317 3326 433 3393 Suadet
447 3325 578 3407 latebras
594 3323 726 3408 pedloris
743 3324 913 3389 recludere.
960 3385 963 3390 .

258 3431 297 3497 19
317 3410 359 3476 Et
376 3409 475 3475 noller
491 3422 594 3472 uterus
611 3410 686 3476 utris
704 3408 794 3471 instar
809 3408 926 3474 obtinet

253 3491 266 3528 ·’
318 3492 418 3576 Novi,
425 3495 554 3556 novello
572 3492 624 3572 qui
636 3493 772 3568 Falerno
787 3491 923 3574 imbutus
940 3492 994 3578 est,

320 3578 382 3644 Cui
398 3578 429 3641 ni
446 3575 581 3660 patescat
594 3577 704 3660 exitus,
723 3576 930 3658 disrumpitur.

257 3689 299 3748 20
318 3660 404 3750 Ergb
419 3666 618 3760 eloquemur,
634 3660 710 3747 ergo
726 3658 829 3743 aperte
843 3659 990 3745 labimur,

261 3742 272 3755 “’
319 3749 371 3814 Ut
388 3763 562 3826 recreemus
576 3745 716 3827 sptritum
732 3746 985 3831 praclanguidum,
1100 3826 1102 3828 .

319 3832 452 3897 Labella
467 3827 560 3893 frenis
578 3828 679 3894 nostra
694 3830 903 3895 liberabimus.

255 3942 292 4012 μ
317 3917 386 4000 Ego
402 3914 561 3978 veritatem
576 3931 720 3996 promam
734 3915 772 3976 ab
790 3912 856 3982 imo
871 3910 1008 3998 pectore,

317 3997 413 4090 salta
424 4017 488 4083 ‚nec
504 4001 608 4089 ullum
624 3997 790 4090 prosequar
804 3998 986 4092 reverentia,
1123 4079 1162 4153 T·

365 4140 370 4152 .
1126 4094 1174 4152 ‘tt
