<?xml version="1.0" encoding="UTF-8"?>
<!DOCTYPE html PUBLIC "-//W3C//DTD XHTML 1.0 Transitional//EN"
    "http://www.w3.org/TR/xhtml1/DTD/xhtml1-transitional.dtd">
<html xmlns="http://www.w3.org/1999/xhtml" xml:lang="en" lang="en">
 <head>
  <title>
</title>
<meta http-equiv="Content-Type" content="text/html;charset=utf-8" />
  <meta name='ocr-system' content='tesseract 3.04.00' />
  <meta name='ocr-capabilities' content='ocr_page ocr_carea ocr_par ocr_line ocrx_word'/>
</head>
<body>
  <div class='ocr_page' id='page_1' title='image "./poetarumscotoru00adamgoog_0257.png"; bbox 0 0 2792 4800; ppageno 0'>
   <div class='ocr_carea' id='block_1_1' title="bbox 210 340 995 468">
    <p class='ocr_par' dir='ltr' id='par_1_1' title="bbox 210 340 995 468">
     <span class='ocr_line' id='line_1_1' title="bbox 210 340 995 468; baseline 0.013 -44"><span class='ocrx_word' id='word_1_1' title='bbox 210 376 290 468; x_wconf 62' lang='lat'>439</span> <span class='ocrx_word' id='word_1_2' title='bbox 386 340 690 429; x_wconf 73' lang='lat' dir='ltr'>‘aaurror</span> <span class='ocrx_word' id='word_1_3' title='bbox 715 349 918 428; x_wconf 80' lang='lat' dir='ltr'>norm</span> <span class='ocrx_word' id='word_1_4' title='bbox 938 355 995 435; x_wconf 88' lang='lat'>11.</span> 
     </span>
    </p>
   </div>
   <div class='ocr_carea' id='block_1_2' title="bbox 124 486 1223 4082">
    <p class='ocr_par' dir='ltr' id='par_1_2' title="bbox 233 486 1181 666">
     <span class='ocr_line' id='line_1_2' title="bbox 233 486 1140 588; baseline 0.008 -23"><span class='ocrx_word' id='word_1_5' title='bbox 233 577 238 588; x_wconf 26' lang='grc' dir='ltr'>ι</span> <span class='ocrx_word' id='word_1_6' title='bbox 276 490 372 566; x_wconf 86' lang='lat' dir='ltr'>Mors</span> <span class='ocrx_word' id='word_1_7' title='bbox 388 493 484 577; x_wconf 83' lang='lat' dir='ltr'>rapiet</span> <span class='ocrx_word' id='word_1_8' title='bbox 498 514 621 578; x_wconf 78' lang='lat' dir='ltr'>pueros,</span> <span class='ocrx_word' id='word_1_9' title='bbox 640 492 761 566; x_wconf 78' lang='lat' dir='ltr'>senibus</span> <span class='ocrx_word' id='word_1_10' title='bbox 777 515 903 581; x_wconf 88' lang='lat' dir='ltr'>quoque</span> <span class='ocrx_word' id='word_1_11' title='bbox 918 501 1048 569; x_wconf 83' lang='lat' dir='ltr'>vulnere</span> <span class='ocrx_word' id='word_1_12' title='bbox 1063 486 1140 572; x_wconf 75' lang='lat' dir='ltr'>nio</span> 
     </span>
     <span class='ocr_line' id='line_1_3' title="bbox 276 578 1181 666; baseline 0.003 -21"><span class='ocrx_word' id='word_1_13' title='bbox 276 579 387 645; x_wconf 70' lang='lat' dir='ltr'>Cedet</span> <span class='ocrx_word' id='word_1_14' title='bbox 402 578 539 645; x_wconf 78' lang='lat' dir='ltr'><strong>olorinas</strong></span> <span class='ocrx_word' id='word_1_15' title='bbox 555 579 705 650; x_wconf 75' lang='lat' dir='ltr'>imitantia</span> <span class='ocrx_word' id='word_1_16' title='bbox 720 594 858 664; x_wconf 89' lang='lat' dir='ltr'>tempora</span> <span class='ocrx_word' id='word_1_17' title='bbox 872 586 1008 666; x_wconf 81' lang='lat' dir='ltr'>plumas.</span> <span class='ocrx_word' id='word_1_18' title='bbox 1179 586 1181 592; x_wconf 88' lang='grc'><strong>’</strong></span> 
     </span>
    </p>

    <p class='ocr_par' dir='ltr' id='par_1_3' title="bbox 215 661 1223 835">
     <span class='ocr_line' id='line_1_4' title="bbox 215 661 1082 752; baseline 0.003 -18"><span class='ocrx_word' id='word_1_19' title='bbox 215 667 258 741; x_wconf 70' lang='lat'>26</span> <span class='ocrx_word' id='word_1_20' title='bbox 278 663 459 731; x_wconf 82' lang='lat' dir='ltr'>Annon&amp;</span> <span class='ocrx_word' id='word_1_21' title='bbox 475 661 570 746; x_wconf 79' lang='lat' dir='ltr'>patria</span> <span class='ocrx_word' id='word_1_22' title='bbox 584 662 701 748; x_wconf 74' lang='lat' dir='ltr'>ejedlos</span> <span class='ocrx_word' id='word_1_23' title='bbox 719 684 778 735; x_wconf 79' lang='lat' dir='ltr'>uos</span> <span class='ocrx_word' id='word_1_24' title='bbox 795 666 929 752; x_wconf 85' lang='lat' dir='ltr'>undique</span> <span class='ocrx_word' id='word_1_25' title='bbox 946 666 1082 741; x_wconf 79' lang='lat' dir='ltr'>cundios</span> 
     </span>
     <span class='ocr_line' id='line_1_5' title="bbox 278 746 1223 835; baseline 0.013 -22"><span class='ocrx_word' id='word_1_26' title='bbox 278 746 464 833; x_wconf 83' lang='lat' dir='ltr'>Dispergam</span> <span class='ocrx_word' id='word_1_27' title='bbox 481 746 513 813; x_wconf 89' lang='lat' dir='ltr'>in</span> <span class='ocrx_word' id='word_1_28' title='bbox 528 751 673 833; x_wconf 88' lang='lat' dir='ltr'>populos,</span> <span class='ocrx_word' id='word_1_29' title='bbox 693 749 872 830; x_wconf 86' lang='lat' dir='ltr'>penitusque</span> <span class='ocrx_word' id='word_1_30' title='bbox 888 750 906 814; x_wconf 72' lang='lat' dir='ltr'>a</span> <span class='ocrx_word' id='word_1_31' title='bbox 923 750 1010 835; x_wconf 81' lang='lat' dir='ltr'>stirpe</span> <span class='ocrx_word' id='word_1_32' title='bbox 1028 756 1179 825; x_wconf 80' lang='lat' dir='ltr'>revellunt</span> <span class='ocrx_word' id='word_1_33' title='bbox 1218 752 1223 789; x_wconf 73' lang='lat'><em>³</em></span> 
     </span>
    </p>

    <p class='ocr_par' dir='ltr' id='par_1_4' title="bbox 217 829 1146 1007">
     <span class='ocr_line' id='line_1_6' title="bbox 217 829 1146 925; baseline 0.016 -32"><span class='ocrx_word' id='word_1_34' title='bbox 217 848 258 918; x_wconf 84' lang='lat'>27</span> <span class='ocrx_word' id='word_1_35' title='bbox 277 833 356 901; x_wconf 73' lang='lat' dir='ltr'>Hac</span> <span class='ocrx_word' id='word_1_36' title='bbox 373 829 522 914; x_wconf 85' lang='lat' dir='ltr'>facerem,</span> <span class='ocrx_word' id='word_1_37' title='bbox 538 831 591 896; x_wconf 86' lang='lat' dir='ltr'>nisr</span> <span class='ocrx_word' id='word_1_38' title='bbox 606 832 674 915; x_wconf 88' lang='lat' dir='ltr'>jam</span> <span class='ocrx_word' id='word_1_39' title='bbox 689 833 775 918; x_wconf 88' lang='lat' dir='ltr'>vulgi</span> <span class='ocrx_word' id='word_1_40' title='bbox 791 831 876 900; x_wconf 72' lang='lat' dir='ltr'>mali</span> <span class='ocrx_word' id='word_1_41' title='bbox 892 835 1039 905; x_wconf 89' lang='lat' dir='ltr'>credulus</span> <span class='ocrx_word' id='word_1_42' title='bbox 1055 860 1146 925; x_wconf 83' lang='lat' dir='ltr'>error,</span> 
     </span>
     <span class='ocr_line' id='line_1_7' title="bbox 281 915 1145 1007; baseline 0.01 -27"><span class='ocrx_word' id='word_1_43' title='bbox 281 915 424 999; x_wconf 83' lang='lat' dir='ltr'>Diraque</span> <span class='ocrx_word' id='word_1_44' title='bbox 439 915 592 1000; x_wconf 76' lang='lat' dir='ltr'>sacrilega</span> <span class='ocrx_word' id='word_1_45' title='bbox 607 930 732 981; x_wconf 87' lang='lat' dir='ltr'>revocet</span> <span class='ocrx_word' id='word_1_46' title='bbox 748 934 800 979; x_wconf 93' lang='lat' dir='ltr'>me</span> <span class='ocrx_word' id='word_1_47' title='bbox 817 916 931 984; x_wconf 89' lang='lat' dir='ltr'>insania</span> <span class='ocrx_word' id='word_1_48' title='bbox 946 920 1078 1007; x_wconf 79' lang='lat' dir='ltr'>lingua:</span> <span class='ocrx_word' id='word_1_49' title='bbox 1142 956 1145 963; x_wconf 92' lang='lat'>·</span> 
     </span>
    </p>

    <p class='ocr_par' dir='ltr' id='par_1_5' title="bbox 277 998 1143 1253">
     <span class='ocr_line' id='line_1_8' title="bbox 279 998 1067 1090; baseline 0.005 -24"><span class='ocrx_word' id='word_1_50' title='bbox 279 998 328 1066; x_wconf 90' lang='lat' dir='ltr'>Ni</span> <span class='ocrx_word' id='word_1_51' title='bbox 342 999 424 1066; x_wconf 72' lang='lat' dir='ltr'>forte</span> <span class='ocrx_word' id='word_1_52' title='bbox 440 998 554 1069; x_wconf 86' lang='lat' dir='ltr'>hostilis</span> <span class='ocrx_word' id='word_1_53' title='bbox 570 999 679 1081; x_wconf 84' lang='lat' dir='ltr'>rabies,</span> <span class='ocrx_word' id='word_1_54' title='bbox 698 998 755 1066; x_wconf 81' lang='lat' dir='ltr'>hac</span> <span class='ocrx_word' id='word_1_55' title='bbox 774 1000 865 1070; x_wconf 90' lang='lat' dir='ltr'>clade</span> <span class='ocrx_word' id='word_1_56' title='bbox 880 1002 1067 1090; x_wconf 88' lang='lat' dir='ltr'>tumescens,</span> 
     </span>
     <span class='ocr_line' id='line_1_9' title="bbox 277 1081 1023 1170; baseline 0 -20"><span class='ocrx_word' id='word_1_57' title='bbox 277 1084 406 1151; x_wconf 79' lang='lat' dir='ltr'>Viribus</span> <span class='ocrx_word' id='word_1_58' title='bbox 423 1082 567 1170; x_wconf 82' lang='lat' dir='ltr'>affignare</span> <span class='ocrx_word' id='word_1_59' title='bbox 583 1081 644 1147; x_wconf 89' lang='lat' dir='ltr'>suis</span> <span class='ocrx_word' id='word_1_60' title='bbox 658 1082 739 1147; x_wconf 90' lang='lat' dir='ltr'>foret</span> <span class='ocrx_word' id='word_1_61' title='bbox 756 1082 838 1170; x_wconf 74' lang='lat' dir='ltr'>ausa,</span> <span class='ocrx_word' id='word_1_62' title='bbox 859 1085 944 1166; x_wconf 89' lang='lat' dir='ltr'>quod</span> <span class='ocrx_word' id='word_1_63' title='bbox 961 1086 1023 1170; x_wconf 83' lang='lat' dir='ltr'>ipse</span> 
     </span>
     <span class='ocr_line' id='line_1_10' title="bbox 279 1165 1143 1253; baseline 0.001 -20"><span class='ocrx_word' id='word_1_64' title='bbox 279 1165 489 1249; x_wconf 70' lang='lat' dir='ltr'>Prasiitetam</span> <span class='ocrx_word' id='word_1_65' title='bbox 510 1166 625 1232; x_wconf 85' lang='lat' dir='ltr'>stolidis</span> <span class='ocrx_word' id='word_1_66' title='bbox 639 1167 758 1253; x_wconf 81' lang='lat' dir='ltr'>jadians</span> <span class='ocrx_word' id='word_1_67' title='bbox 774 1165 828 1239; x_wconf 85' lang='lat' dir='ltr'>sua</span> <span class='ocrx_word' id='word_1_68' title='bbox 843 1170 955 1233; x_wconf 92' lang='lat' dir='ltr'>robora</span> <span class='ocrx_word' id='word_1_69' title='bbox 969 1170 1071 1246; x_wconf 71' lang='lat' dir='ltr'>dietis.</span> <span class='ocrx_word' id='word_1_70' title='bbox 1137 1226 1143 1244; x_wconf 86' lang='grc'>,</span> 
     </span>
    </p>

    <p class='ocr_par' dir='ltr' id='par_1_6' title="bbox 216 1249 1139 1424">
     <span class='ocr_line' id='line_1_11' title="bbox 216 1249 1139 1340; baseline 0 -22"><span class='ocrx_word' id='word_1_71' title='bbox 216 1249 258 1324; x_wconf 83' lang='lat'>28</span> <span class='ocrx_word' id='word_1_72' title='bbox 277 1253 355 1318; x_wconf 81' lang='lat' dir='ltr'>Hac</span> <span class='ocrx_word' id='word_1_73' title='bbox 373 1250 546 1317; x_wconf 78' lang='lat' dir='ltr'>mecauffa</span> <span class='ocrx_word' id='word_1_74' title='bbox 558 1267 664 1317; x_wconf 86' lang='lat' dir='ltr'>movet</span> <span class='ocrx_word' id='word_1_75' title='bbox 680 1252 777 1322; x_wconf 86' lang='lat' dir='ltr'>bilem</span> <span class='ocrx_word' id='word_1_76' title='bbox 793 1252 1001 1340; x_wconf 81' lang='lat' dir='ltr'>compescere,</span> <span class='ocrx_word' id='word_1_77' title='bbox 1017 1256 1048 1321; x_wconf 81' lang='lat' dir='ltr'>dr</span> <span class='ocrx_word' id='word_1_78' title='bbox 1065 1256 1139 1329; x_wconf 70' lang='lat' dir='ltr'>irum</span> 
     </span>
     <span class='ocr_line' id='line_1_12' title="bbox 268 1333 1096 1424; baseline 0.002 -23"><span class='ocrx_word' id='word_1_79' title='bbox 268 1333 406 1419; x_wconf 36' lang='lat' dir='ltr'>,lenire</span> <span class='ocrx_word' id='word_1_80' title='bbox 425 1335 456 1401; x_wconf 83' lang='lat' dir='ltr'>dr</span> <span class='ocrx_word' id='word_1_81' title='bbox 472 1338 600 1422; x_wconf 91' lang='lat' dir='ltr'>populo,</span> <span class='ocrx_word' id='word_1_82' title='bbox 617 1335 789 1415; x_wconf 84' lang='lat' dir='ltr'>stolidoque</span> <span class='ocrx_word' id='word_1_83' title='bbox 812 1336 970 1410; x_wconf 82' lang='lat' dir='ltr'>&amp;mentis</span> <span class='ocrx_word' id='word_1_84' title='bbox 986 1354 1096 1424; x_wconf 80' lang='lat' dir='ltr'>cgenO,</span> 
     </span>
    </p>

    <p class='ocr_par' dir='ltr' id='par_1_7' title="bbox 219 1417 1092 1506">
     <span class='ocr_line' id='line_1_13' title="bbox 219 1417 1092 1506; baseline 0.003 -22"><span class='ocrx_word' id='word_1_85' title='bbox 219 1417 226 1441; x_wconf 91' lang='lat'>&#39;</span> <span class='ocrx_word' id='word_1_86' title='bbox 280 1418 424 1502; x_wconf 81' lang='lat' dir='ltr'>Parcere,</span> <span class='ocrx_word' id='word_1_87' title='bbox 438 1419 684 1506; x_wconf 79' lang='lat' dir='ltr'>praecipitemque</span> <span class='ocrx_word' id='word_1_88' title='bbox 699 1418 792 1488; x_wconf 86' lang='lat' dir='ltr'>animi</span> <span class='ocrx_word' id='word_1_89' title='bbox 808 1418 926 1492; x_wconf 83' lang='lat' dir='ltr'>frenare</span> <span class='ocrx_word' id='word_1_90' title='bbox 941 1420 1092 1495; x_wconf 83' lang='lat' dir='ltr'>furorem.</span> 
     </span>
    </p>

    <p class='ocr_par' dir='ltr' id='par_1_8' title="bbox 217 1501 1094 1591">
     <span class='ocr_line' id='line_1_14' title="bbox 217 1501 1094 1591; baseline 0.003 -22"><span class='ocrx_word' id='word_1_91' title='bbox 217 1522 260 1589; x_wconf 78' lang='lat'>29</span> <span class='ocrx_word' id='word_1_92' title='bbox 279 1501 314 1569; x_wconf 95' lang='lat' dir='ltr'>O</span> <span class='ocrx_word' id='word_1_93' title='bbox 332 1505 352 1569; x_wconf 83' lang='lat' dir='ltr'>st</span> <span class='ocrx_word' id='word_1_94' title='bbox 366 1504 435 1586; x_wconf 90' lang='lat' dir='ltr'>jam</span> <span class='ocrx_word' id='word_1_95' title='bbox 450 1501 577 1573; x_wconf 86' lang='lat' dir='ltr'>tandem</span> <span class='ocrx_word' id='word_1_96' title='bbox 593 1523 668 1589; x_wconf 83' lang='lat' dir='ltr'>gens</span> <span class='ocrx_word' id='word_1_97' title='bbox 686 1502 750 1584; x_wconf 88' lang='lat' dir='ltr'>ista,</span> <span class='ocrx_word' id='word_1_98' title='bbox 766 1504 825 1566; x_wconf 92' lang='lat' dir='ltr'>buc</span> <span class='ocrx_word' id='word_1_99' title='bbox 845 1503 941 1583; x_wconf 91' lang='lat' dir='ltr'>usque</span> <span class='ocrx_word' id='word_1_100' title='bbox 957 1508 1094 1591; x_wconf 87' lang='lat' dir='ltr'>rebellis,</span> 
     </span>
    </p>

    <p class='ocr_par' dir='ltr' id='par_1_9' title="bbox 219 1584 1184 1919">
     <span class='ocr_line' id='line_1_15' title="bbox 282 1584 1184 1670; baseline 0.004 -18"><span class='ocrx_word' id='word_1_101' title='bbox 282 1588 354 1668; x_wconf 88' lang='lat' dir='ltr'>Jam</span> <span class='ocrx_word' id='word_1_102' title='bbox 368 1587 470 1667; x_wconf 91' lang='lat' dir='ltr'>sapere</span> <span class='ocrx_word' id='word_1_103' title='bbox 487 1586 621 1669; x_wconf 86' lang='lat' dir='ltr'>incipiat,</span> <span class='ocrx_word' id='word_1_104' title='bbox 638 1589 706 1668; x_wconf 87' lang='lat' dir='ltr'>jam</span> <span class='ocrx_word' id='word_1_105' title='bbox 722 1584 805 1659; x_wconf 72' lang='lat' dir='ltr'>reda</span> <span class='ocrx_word' id='word_1_106' title='bbox 821 1587 981 1669; x_wconf 85' lang='lat' dir='ltr'>capescere</span> <span class='ocrx_word' id='word_1_107' title='bbox 997 1590 1109 1656; x_wconf 87' lang='lat' dir='ltr'>discat!</span> <span class='ocrx_word' id='word_1_108' title='bbox 1181 1665 1184 1670; x_wconf 46' lang='grc'><strong><em>,</em></strong></span> 
     </span>
     <span class='ocr_line' id='line_1_16' title="bbox 278 1669 949 1754; baseline 0.003 -21"><span class='ocrx_word' id='word_1_109' title='bbox 278 1671 321 1746; x_wconf 78' lang='lat' dir='ltr'>Et</span> <span class='ocrx_word' id='word_1_110' title='bbox 335 1669 405 1733; x_wconf 80' lang='lat' dir='ltr'>vita</span> <span class='ocrx_word' id='word_1_111' title='bbox 421 1669 459 1732; x_wconf 94' lang='lat' dir='ltr'>de</span> <span class='ocrx_word' id='word_1_112' title='bbox 477 1670 539 1733; x_wconf 81' lang='lat' dir='ltr'>nne</span> <span class='ocrx_word' id='word_1_113' title='bbox 555 1669 616 1734; x_wconf 86' lang='lat' dir='ltr'>suaa</span> <span class='ocrx_word' id='word_1_114' title='bbox 632 1671 693 1740; x_wconf 81' lang='lat' dir='ltr'>sme</span> <span class='ocrx_word' id='word_1_115' title='bbox 709 1670 771 1743; x_wconf 84' lang='lat' dir='ltr'>fine</span> <span class='ocrx_word' id='word_1_116' title='bbox 787 1675 949 1754; x_wconf 76' lang='lat' dir='ltr'>revolvat,</span> 
     </span>
     <span class='ocr_line' id='line_1_17' title="bbox 279 1750 1029 1825; baseline 0.005 -8"><span class='ocrx_word' id='word_1_117' title='bbox 279 1752 382 1824; x_wconf 81' lang='lat' dir='ltr'>Posset</span> <span class='ocrx_word' id='word_1_118' title='bbox 396 1765 431 1816; x_wconf 87' lang='lat' dir='ltr'>ut</span> <span class='ocrx_word' id='word_1_119' title='bbox 446 1750 599 1824; x_wconf 78' lang='lat' dir='ltr'>exsultans</span> <span class='ocrx_word' id='word_1_120' title='bbox 617 1753 750 1825; x_wconf 80' lang='lat' dir='ltr'>venienti</span> <span class='ocrx_word' id='word_1_121' title='bbox 766 1773 928 1818; x_wconf 89' lang='lat' dir='ltr'>occurrere</span> <span class='ocrx_word' id='word_1_122' title='bbox 945 1752 1029 1821; x_wconf 81' lang='lat' dir='ltr'>fato!</span> 
     </span>
     <span class='ocr_line' id='line_1_18' title="bbox 219 1835 973 1919; baseline 0.003 -20"><span class='ocrx_word' id='word_1_123' title='bbox 219 1853 261 1919; x_wconf 80' lang='lat'>30</span> <span class='ocrx_word' id='word_1_124' title='bbox 280 1836 341 1907; x_wconf 81' lang='lat' dir='ltr'>His</span> <span class='ocrx_word' id='word_1_125' title='bbox 356 1835 398 1901; x_wconf 86' lang='lat' dir='ltr'>ita</span> <span class='ocrx_word' id='word_1_126' title='bbox 414 1852 466 1899; x_wconf 90' lang='lat' dir='ltr'>me</span> <span class='ocrx_word' id='word_1_127' title='bbox 485 1835 588 1902; x_wconf 87' lang='lat' dir='ltr'>studiis</span> <span class='ocrx_word' id='word_1_128' title='bbox 607 1837 658 1901; x_wconf 86' lang='lat' dir='ltr'>fibi</span> <span class='ocrx_word' id='word_1_129' title='bbox 674 1835 842 1908; x_wconf 79' lang='lat' dir='ltr'>devinciret</span> <span class='ocrx_word' id='word_1_130' title='bbox 856 1856 973 1918; x_wconf 89' lang='lat' dir='ltr'>amore,</span> 
     </span>
    </p>

    <p class='ocr_par' dir='ltr' id='par_1_10' title="bbox 277 1918 1146 2334">
     <span class='ocr_line' id='line_1_19' title="bbox 281 1918 995 2005; baseline -0.001 -18"><span class='ocrx_word' id='word_1_131' title='bbox 281 1918 380 1987; x_wconf 84' lang='lat' dir='ltr'>Unus</span> <span class='ocrx_word' id='word_1_132' title='bbox 396 1933 432 1984; x_wconf 93' lang='lat' dir='ltr'>nt</span> <span class='ocrx_word' id='word_1_133' title='bbox 447 1938 485 1982; x_wconf 84' lang='lat' dir='ltr'>ex</span> <span class='ocrx_word' id='word_1_134' title='bbox 503 1920 565 1983; x_wconf 88' lang='lat' dir='ltr'>illis</span> <span class='ocrx_word' id='word_1_135' title='bbox 583 1919 679 1992; x_wconf 84' lang='lat' dir='ltr'>hostes</span> <span class='ocrx_word' id='word_1_136' title='bbox 695 1923 746 1985; x_wconf 88' lang='lat' dir='ltr'>vel</span> <span class='ocrx_word' id='word_1_137' title='bbox 764 1921 852 1989; x_wconf 88' lang='lat' dir='ltr'>mille</span> <span class='ocrx_word' id='word_1_138' title='bbox 864 1921 995 2005; x_wconf 85' lang='lat' dir='ltr'>fugaret,</span> 
     </span>
     <span class='ocr_line' id='line_1_20' title="bbox 278 2001 1107 2092; baseline -0.001 -22"><span class='ocrx_word' id='word_1_139' title='bbox 278 2001 391 2078; x_wconf 85' lang='lat' dir='ltr'>Millia</span> <span class='ocrx_word' id='word_1_140' title='bbox 406 2003 485 2066; x_wconf 91' lang='lat' dir='ltr'>dena</span> <span class='ocrx_word' id='word_1_141' title='bbox 500 2001 566 2071; x_wconf 79' lang='lat' dir='ltr'>duo</span> <span class='ocrx_word' id='word_1_142' title='bbox 580 2002 716 2069; x_wconf 87' lang='lat' dir='ltr'>facerent</span> <span class='ocrx_word' id='word_1_143' title='bbox 732 2001 804 2072; x_wconf 87' lang='lat' dir='ltr'>dare</span> <span class='ocrx_word' id='word_1_144' title='bbox 823 2019 905 2092; x_wconf 81' lang='lat' dir='ltr'>terga</span> <span class='ocrx_word' id='word_1_145' title='bbox 922 2020 1107 2078; x_wconf 72' lang='lat' dir='ltr'>trementesz</span> 
     </span>
     <span class='ocr_line' id='line_1_21' title="bbox 277 2085 1146 2179; baseline -0.001 -28"><span class='ocrx_word' id='word_1_146' title='bbox 277 2087 342 2154; x_wconf 82' lang='lat' dir='ltr'>Sed</span> <span class='ocrx_word' id='word_1_147' title='bbox 359 2085 433 2167; x_wconf 90' lang='lat' dir='ltr'>quia</span> <span class='ocrx_word' id='word_1_148' title='bbox 448 2104 512 2150; x_wconf 91' lang='lat' dir='ltr'>non</span> <span class='ocrx_word' id='word_1_149' title='bbox 526 2099 665 2155; x_wconf 86' lang='lat' dir='ltr'>veterum</span> <span class='ocrx_word' id='word_1_150' title='bbox 681 2085 814 2163; x_wconf 83' lang='lat' dir='ltr'>sequeris</span> <span class='ocrx_word' id='word_1_151' title='bbox 830 2086 950 2179; x_wconf 78' lang='lat' dir='ltr'>vestigia</span> <span class='ocrx_word' id='word_1_152' title='bbox 965 2103 1104 2172; x_wconf 82' lang='lat' dir='ltr'>patrum,</span> <span class='ocrx_word' id='word_1_153' title='bbox 1129 2090 1146 2122; x_wconf 80' lang='grc'>’·</span> 
     </span>
     <span class='ocr_line' id='line_1_22' title="bbox 277 2163 1104 2258; baseline 0.005 -28"><span class='ocrx_word' id='word_1_154' title='bbox 277 2168 425 2255; x_wconf 84' lang='lat' dir='ltr'>Degener</span> <span class='ocrx_word' id='word_1_155' title='bbox 438 2164 594 2239; x_wconf 83' lang='lat' dir='ltr'>Isaciddm</span> <span class='ocrx_word' id='word_1_156' title='bbox 609 2166 747 2239; x_wconf 80' lang='lat' dir='ltr'>soboles!</span> <span class='ocrx_word' id='word_1_157' title='bbox 769 2163 859 2234; x_wconf 85' lang='lat' dir='ltr'>Deus</span> <span class='ocrx_word' id='word_1_158' title='bbox 875 2170 930 2232; x_wconf 87' lang='lat' dir='ltr'>ille</span> <span class='ocrx_word' id='word_1_159' title='bbox 947 2173 1104 2258; x_wconf 80' lang='lat' dir='ltr'>perennis,</span> 
     </span>
     <span class='ocr_line' id='line_1_23' title="bbox 279 2247 1027 2334; baseline -0.003 -16"><span class='ocrx_word' id='word_1_160' title='bbox 279 2251 341 2321; x_wconf 87' lang='lat' dir='ltr'>lue</span> <span class='ocrx_word' id='word_1_161' title='bbox 357 2247 459 2334; x_wconf 90' lang='lat' dir='ltr'>Deus,</span> <span class='ocrx_word' id='word_1_162' title='bbox 478 2262 599 2334; x_wconf 85' lang='lat' dir='ltr'>patrum</span> <span class='ocrx_word' id='word_1_163' title='bbox 616 2249 712 2315; x_wconf 88' lang='lat' dir='ltr'>decus</span> <span class='ocrx_word' id='word_1_164' title='bbox 730 2252 759 2316; x_wconf 82' lang='lat' dir='ltr'>dr</span> <span class='ocrx_word' id='word_1_165' title='bbox 776 2254 873 2316; x_wconf 89' lang='lat' dir='ltr'>tutela</span> <span class='ocrx_word' id='word_1_166' title='bbox 889 2268 1027 2334; x_wconf 88' lang='lat' dir='ltr'>tuorum,</span> 
     </span>
    </p>

    <p class='ocr_par' dir='ltr' id='par_1_11' title="bbox 124 2332 1095 2507">
     <span class='ocr_line' id='line_1_24' title="bbox 124 2332 1084 2423; baseline -0.003 -20"><span class='ocrx_word' id='word_1_167' title='bbox 124 2345 127 2352; x_wconf 78' lang='grc'><strong>’</strong></span> <span class='ocrx_word' id='word_1_168' title='bbox 244 2353 250 2361; x_wconf 87' lang='grc'><em>·</em></span> <span class='ocrx_word' id='word_1_169' title='bbox 278 2332 335 2406; x_wconf 86' lang='lat' dir='ltr'>Te</span> <span class='ocrx_word' id='word_1_170' title='bbox 351 2332 443 2421; x_wconf 74' lang='lat' dir='ltr'>piedii</span> <span class='ocrx_word' id='word_1_171' title='bbox 487 2334 670 2418; x_wconf 88' lang='lat' dir='ltr'>meritasque</span> <span class='ocrx_word' id='word_1_172' title='bbox 685 2349 742 2401; x_wconf 93' lang='lat' dir='ltr'>tuo</span> <span class='ocrx_word' id='word_1_173' title='bbox 757 2335 796 2397; x_wconf 90' lang='lat' dir='ltr'>de</span> <span class='ocrx_word' id='word_1_174' title='bbox 813 2333 958 2423; x_wconf 85' lang='lat' dir='ltr'>sanguine</span> <span class='ocrx_word' id='word_1_175' title='bbox 973 2356 1084 2420; x_wconf 85' lang='lat' dir='ltr'>poenas</span> 
     </span>
     <span class='ocr_line' id='line_1_25' title="bbox 282 2419 1095 2507; baseline -0.001 -20"><span class='ocrx_word' id='word_1_176' title='bbox 282 2419 418 2507; x_wconf 74' lang='lat' dir='ltr'>Eapetit,</span> <span class='ocrx_word' id='word_1_177' title='bbox 477 2419 645 2503; x_wconf 82' lang='lat' dir='ltr'>sessumque</span> <span class='ocrx_word' id='word_1_178' title='bbox 662 2419 750 2486; x_wconf 90' lang='lat' dir='ltr'>omui</span> <span class='ocrx_word' id='word_1_179' title='bbox 766 2434 796 2484; x_wconf 92' lang='lat' dir='ltr'>te</span> <span class='ocrx_word' id='word_1_180' title='bbox 812 2439 850 2486; x_wconf 83' lang='lat' dir='ltr'>ex</span> <span class='ocrx_word' id='word_1_181' title='bbox 867 2435 950 2505; x_wconf 90' lang='lat' dir='ltr'>parte</span> <span class='ocrx_word' id='word_1_182' title='bbox 965 2422 1095 2486; x_wconf 84' lang='lat' dir='ltr'>laceffit.</span> 
     </span>
    </p>

    <p class='ocr_par' dir='ltr' id='par_1_12' title="bbox 216 2503 1166 2824">
     <span class='ocr_line' id='line_1_26' title="bbox 216 2503 1166 2595; baseline 0.005 -29"><span class='ocrx_word' id='word_1_183' title='bbox 216 2518 257 2595; x_wconf 74' lang='lat'>31</span> <span class='ocrx_word' id='word_1_184' title='bbox 281 2503 373 2570; x_wconf 91' lang='lat' dir='ltr'>Nam</span> <span class='ocrx_word' id='word_1_185' title='bbox 390 2503 522 2573; x_wconf 88' lang='lat' dir='ltr'>Domini</span> <span class='ocrx_word' id='word_1_186' title='bbox 539 2519 652 2571; x_wconf 89' lang='lat' dir='ltr'>notum</span> <span class='ocrx_word' id='word_1_187' title='bbox 666 2503 720 2588; x_wconf 86' lang='lat' dir='ltr'>est,</span> <span class='ocrx_word' id='word_1_188' title='bbox 739 2508 857 2587; x_wconf 92' lang='lat' dir='ltr'>populo</span> <span class='ocrx_word' id='word_1_189' title='bbox 871 2509 922 2570; x_wconf 87' lang='lat' dir='ltr'>vel</span> <span class='ocrx_word' id='word_1_190' title='bbox 938 2507 1010 2571; x_wconf 85' lang='lat' dir='ltr'>teste</span> <span class='ocrx_word' id='word_1_191' title='bbox 1026 2505 1166 2592; x_wconf 89' lang='lat' dir='ltr'>profano,</span> 
     </span>
     <span class='ocr_line' id='line_1_27' title="bbox 282 2587 1126 2674; baseline 0 -20"><span class='ocrx_word' id='word_1_192' title='bbox 282 2590 409 2658; x_wconf 91' lang='lat' dir='ltr'>Robur:</span> <span class='ocrx_word' id='word_1_193' title='bbox 432 2588 532 2654; x_wconf 86' lang='lat' dir='ltr'>&amp;ille</span> <span class='ocrx_word' id='word_1_194' title='bbox 553 2588 628 2654; x_wconf 88' lang='lat' dir='ltr'>deos</span> <span class='ocrx_word' id='word_1_195' title='bbox 644 2587 699 2653; x_wconf 86' lang='lat' dir='ltr'>sub</span> <span class='ocrx_word' id='word_1_196' title='bbox 717 2588 760 2671; x_wconf 88' lang='lat' dir='ltr'>se,</span> <span class='ocrx_word' id='word_1_197' title='bbox 779 2588 873 2673; x_wconf 74' lang='lat' dir='ltr'>longe</span> <span class='ocrx_word' id='word_1_198' title='bbox 885 2589 986 2670; x_wconf 83' lang='lat' dir='ltr'>altior,</span> <span class='ocrx_word' id='word_1_199' title='bbox 1006 2609 1126 2674; x_wconf 84' lang='lat' dir='ltr'>ornnes,</span> 
     </span>
     <span class='ocr_line' id='line_1_28' title="bbox 279 2670 1032 2824; baseline -0.003 -85"><span class='ocrx_word' id='word_1_200' title='bbox 279 2675 371 2824; x_wconf 54' lang='lat'>3⁰⁰⁵</span> <span class='ocrx_word' id='word_1_201' title='bbox 388 2672 440 2736; x_wconf 87' lang='lat' dir='ltr'>alii</span> <span class='ocrx_word' id='word_1_202' title='bbox 457 2670 565 2743; x_wconf 77' lang='lat' dir='ltr'>stolida</span> <span class='ocrx_word' id='word_1_203' title='bbox 584 2675 708 2765; x_wconf 83' lang='lat' dir='ltr'>placant</span> <span class='ocrx_word' id='word_1_204' title='bbox 724 2692 784 2744; x_wconf 88' lang='lat' dir='ltr'>ceu</span> <span class='ocrx_word' id='word_1_205' title='bbox 800 2673 928 2745; x_wconf 83' lang='lat' dir='ltr'>numina</span> <span class='ocrx_word' id='word_1_206' title='bbox 945 2673 1032 2757; x_wconf 64' lang='lat' dir='ltr'>cura,</span> 
     </span>
    </p>

    <p class='ocr_par' dir='ltr' id='par_1_13' title="bbox 321 2754 1082 2840">
     <span class='ocr_line' id='line_1_29' title="bbox 321 2754 1082 2840; baseline 0.008 -18"><span class='ocrx_word' id='word_1_207' title='bbox 321 2756 452 2840; x_wconf 90' lang='lat' dir='ltr'>eprimit,</span> <span class='ocrx_word' id='word_1_208' title='bbox 473 2756 503 2820; x_wconf 87' lang='lat' dir='ltr'>dt</span> <span class='ocrx_word' id='word_1_209' title='bbox 521 2754 681 2836; x_wconf 87' lang='lat' dir='ltr'>splendore</span> <span class='ocrx_word' id='word_1_210' title='bbox 697 2754 759 2825; x_wconf 68' lang='lat' dir='ltr'>sua</span> <span class='ocrx_word' id='word_1_211' title='bbox 776 2755 892 2819; x_wconf 90' lang='lat' dir='ltr'>virtutis</span> <span class='ocrx_word' id='word_1_212' title='bbox 909 2757 1082 2828; x_wconf 80' lang='lat' dir='ltr'>obumbrat.</span> 
     </span>
    </p>

    <p class='ocr_par' dir='ltr' id='par_1_14' title="bbox 225 2836 1046 2925">
     <span class='ocr_line' id='line_1_30' title="bbox 225 2836 1046 2925; baseline 0.002 -21"><span class='ocrx_word' id='word_1_213' title='bbox 225 2857 265 2925; x_wconf 78' lang='lat'>32</span> <span class='ocrx_word' id='word_1_214' title='bbox 286 2841 327 2909; x_wconf 86' lang='lat' dir='ltr'>Et</span> <span class='ocrx_word' id='word_1_215' title='bbox 343 2839 533 2924; x_wconf 88' lang='lat' dir='ltr'>quicumque</span> <span class='ocrx_word' id='word_1_216' title='bbox 550 2836 625 2901; x_wconf 92' lang='lat' dir='ltr'>deos</span> <span class='ocrx_word' id='word_1_217' title='bbox 642 2837 720 2902; x_wconf 89' lang='lat' dir='ltr'>alios</span> <span class='ocrx_word' id='word_1_218' title='bbox 738 2838 910 2903; x_wconf 85' lang='lat' dir='ltr'>malesanus</span> <span class='ocrx_word' id='word_1_219' title='bbox 927 2840 1046 2924; x_wconf 90' lang='lat' dir='ltr'>adorat,</span> 
     </span>
    </p>

    <p class='ocr_par' dir='ltr' id='par_1_15' title="bbox 228 2915 1183 3255">
     <span class='ocr_line' id='line_1_31' title="bbox 228 2915 1159 3007; baseline -0.004 -14"><span class='ocrx_word' id='word_1_220' title='bbox 228 2929 230 2935; x_wconf 75' lang='grc'>’</span> <span class='ocrx_word' id='word_1_221' title='bbox 284 2925 458 2992; x_wconf 92' lang='lat' dir='ltr'>Contemto</span> <span class='ocrx_word' id='word_1_222' title='bbox 474 2936 514 3004; x_wconf 89' lang='lat' dir='ltr'>te,</span> <span class='ocrx_word' id='word_1_223' title='bbox 535 2919 640 2986; x_wconf 90' lang='lat' dir='ltr'>mundi</span> <span class='ocrx_word' id='word_1_224' title='bbox 657 2918 788 3002; x_wconf 84' lang='lat' dir='ltr'>Opifex!</span> <span class='ocrx_word' id='word_1_225' title='bbox 810 2922 900 2988; x_wconf 88' lang='lat' dir='ltr'>cadet</span> <span class='ocrx_word' id='word_1_226' title='bbox 916 2923 970 2987; x_wconf 91' lang='lat' dir='ltr'>ille</span> <span class='ocrx_word' id='word_1_227' title='bbox 985 2923 1110 3007; x_wconf 78' lang='lat' dir='ltr'>repenti:</span> <span class='ocrx_word' id='word_1_228' title='bbox 1153 2915 1159 2929; x_wconf 78' lang='grc'>’</span> 
     </span>
     <span class='ocr_line' id='line_1_32' title="bbox 285 3002 1114 3091; baseline 0.004 -18"><span class='ocrx_word' id='word_1_229' title='bbox 285 3007 492 3089; x_wconf 85' lang='lat' dir='ltr'>Praecipitans,</span> <span class='ocrx_word' id='word_1_230' title='bbox 513 3019 708 3084; x_wconf 87' lang='lat' dir='ltr'>mortemque</span> <span class='ocrx_word' id='word_1_231' title='bbox 722 3002 800 3069; x_wconf 90' lang='lat' dir='ltr'>feret</span> <span class='ocrx_word' id='word_1_232' title='bbox 814 3004 942 3090; x_wconf 79' lang='lat' dir='ltr'>fugitiva</span> <span class='ocrx_word' id='word_1_233' title='bbox 955 3013 1114 3091; x_wconf 85' lang='lat' dir='ltr'>voluptas:</span> 
     </span>
     <span class='ocr_line' id='line_1_33' title="bbox 284 3088 1183 3176; baseline 0.002 -20"><span class='ocrx_word' id='word_1_234' title='bbox 284 3089 414 3172; x_wconf 73' lang='lat' dir='ltr'>Nempe</span> <span class='ocrx_word' id='word_1_235' title='bbox 431 3089 512 3164; x_wconf 82' lang='lat' dir='ltr'>bibet</span> <span class='ocrx_word' id='word_1_236' title='bbox 528 3088 674 3153; x_wconf 78' lang='lat' dir='ltr'>Sodoma</span> <span class='ocrx_word' id='word_1_237' title='bbox 694 3088 792 3152; x_wconf 88' lang='lat' dir='ltr'>vitem</span> <span class='ocrx_word' id='word_1_238' title='bbox 812 3088 994 3171; x_wconf 85' lang='lat' dir='ltr'>infamisque</span> <span class='ocrx_word' id='word_1_239' title='bbox 1014 3095 1183 3176; x_wconf 83' lang='lat' dir='ltr'>Gomorra,</span> 
     </span>
     <span class='ocr_line' id='line_1_34' title="bbox 289 3171 1112 3255; baseline 0.004 -16"><span class='ocrx_word' id='word_1_240' title='bbox 289 3175 408 3255; x_wconf 89' lang='lat' dir='ltr'>Vitem,</span> <span class='ocrx_word' id='word_1_241' title='bbox 429 3192 503 3242; x_wconf 84' lang='lat' dir='ltr'>uvas</span> <span class='ocrx_word' id='word_1_242' title='bbox 520 3190 587 3250; x_wconf 86' lang='lat' dir='ltr'>qnae</span> <span class='ocrx_word' id='word_1_243' title='bbox 605 3171 680 3242; x_wconf 78' lang='lat' dir='ltr'>felle</span> <span class='ocrx_word' id='word_1_244' title='bbox 697 3173 794 3254; x_wconf 84' lang='lat' dir='ltr'>magis</span> <span class='ocrx_word' id='word_1_245' title='bbox 811 3173 960 3254; x_wconf 79' lang='lat' dir='ltr'>producet</span> <span class='ocrx_word' id='word_1_246' title='bbox 976 3194 1112 3249; x_wconf 85' lang='lat' dir='ltr'>atuatas:</span> 
     </span>
    </p>

    <p class='ocr_par' dir='ltr' id='par_1_16' title="bbox 227 3253 1142 3508">
     <span class='ocr_line' id='line_1_35' title="bbox 227 3253 1142 3343; baseline 0.004 -23"><span class='ocrx_word' id='word_1_247' title='bbox 227 3276 267 3341; x_wconf 81' lang='lat'>33</span> <span class='ocrx_word' id='word_1_248' title='bbox 287 3255 378 3332; x_wconf 89' lang='lat' dir='ltr'>Nam</span> <span class='ocrx_word' id='word_1_249' title='bbox 395 3255 471 3330; x_wconf 69' lang='lat' dir='ltr'>ciam</span> <span class='ocrx_word' id='word_1_250' title='bbox 489 3254 560 3331; x_wconf 75' lang='lat' dir='ltr'>vitra</span> <span class='ocrx_word' id='word_1_251' title='bbox 576 3253 660 3338; x_wconf 81' lang='lat' dir='ltr'>bibit,</span> <span class='ocrx_word' id='word_1_252' title='bbox 681 3256 855 3337; x_wconf 71' lang='lat' dir='ltr'>cupidique</span> <span class='ocrx_word' id='word_1_253' title='bbox 870 3258 1043 3331; x_wconf 77' lang='lat' dir='ltr'>recondidit</span> <span class='ocrx_word' id='word_1_254' title='bbox 1059 3265 1142 3343; x_wconf 86' lang='lat' dir='ltr'>alvo,</span> 
     </span>
     <span class='ocr_line' id='line_1_36' title="bbox 286 3337 1064 3424; baseline 0 -20"><span class='ocrx_word' id='word_1_255' title='bbox 286 3339 412 3424; x_wconf 81' lang='lat' dir='ltr'>Aspldis</span> <span class='ocrx_word' id='word_1_256' title='bbox 429 3339 500 3412; x_wconf 84' lang='lat' dir='ltr'>binc</span> <span class='ocrx_word' id='word_1_257' title='bbox 518 3339 600 3410; x_wconf 83' lang='lat' dir='ltr'>virus</span> <span class='ocrx_word' id='word_1_258' title='bbox 618 3337 758 3411; x_wconf 86' lang='lat' dir='ltr'>rabidum</span> <span class='ocrx_word' id='word_1_259' title='bbox 774 3356 943 3424; x_wconf 87' lang='lat' dir='ltr'>generatur,</span> <span class='ocrx_word' id='word_1_260' title='bbox 962 3343 990 3406; x_wconf 84' lang='lat' dir='ltr'>dr</span> <span class='ocrx_word' id='word_1_261' title='bbox 1008 3342 1064 3406; x_wconf 90' lang='lat' dir='ltr'>atri</span> 
     </span>
     <span class='ocr_line' id='line_1_37' title="bbox 286 3419 1076 3508; baseline 0.003 -21"><span class='ocrx_word' id='word_1_262' title='bbox 286 3422 440 3506; x_wconf 77' lang='lat' dir='ltr'>Serpentis</span> <span class='ocrx_word' id='word_1_263' title='bbox 453 3419 564 3496; x_wconf 85' lang='lat' dir='ltr'>furiale</span> <span class='ocrx_word' id='word_1_264' title='bbox 580 3425 712 3502; x_wconf 78' lang='lat' dir='ltr'>malum,</span> <span class='ocrx_word' id='word_1_265' title='bbox 730 3423 759 3494; x_wconf 81' lang='lat' dir='ltr'>dt</span> <span class='ocrx_word' id='word_1_266' title='bbox 778 3443 829 3503; x_wconf 90' lang='lat' dir='ltr'>per</span> <span class='ocrx_word' id='word_1_267' title='bbox 844 3423 960 3488; x_wconf 90' lang='lat' dir='ltr'>viscera</span> <span class='ocrx_word' id='word_1_268' title='bbox 976 3425 1076 3508; x_wconf 88' lang='lat' dir='ltr'>serpit.</span> 
     </span>
    </p>

    <p class='ocr_par' dir='ltr' id='par_1_17' title="bbox 224 3502 1196 3757">
     <span class='ocr_line' id='line_1_38' title="bbox 224 3502 1196 3598; baseline 0.007 -32"><span class='ocrx_word' id='word_1_269' title='bbox 224 3528 266 3598; x_wconf 79' lang='lat'>34</span> <span class='ocrx_word' id='word_1_270' title='bbox 284 3509 358 3575; x_wconf 80' lang='lat' dir='ltr'>Hoc</span> <span class='ocrx_word' id='word_1_271' title='bbox 374 3505 449 3568; x_wconf 89' lang='lat' dir='ltr'>mibi</span> <span class='ocrx_word' id='word_1_272' title='bbox 467 3502 631 3580; x_wconf 82' lang='lat' dir='ltr'>confilium</span> <span class='ocrx_word' id='word_1_273' title='bbox 646 3503 705 3581; x_wconf 88' lang='lat' dir='ltr'>est;</span> <span class='ocrx_word' id='word_1_274' title='bbox 726 3505 852 3578; x_wconf 80' lang='lat' dir='ltr'>miseros</span> <span class='ocrx_word' id='word_1_275' title='bbox 868 3509 931 3571; x_wconf 84' lang='lat' dir='ltr'>haec</span> <span class='ocrx_word' id='word_1_276' title='bbox 950 3506 1013 3572; x_wconf 87' lang='lat' dir='ltr'>fara</span> <span class='ocrx_word' id='word_1_277' title='bbox 1024 3509 1196 3592; x_wconf 89' lang='lat' dir='ltr'>manebunt,</span> 
     </span>
     <span class='ocr_line' id='line_1_39' title="bbox 284 3586 1180 3684; baseline -0.003 -24"><span class='ocrx_word' id='word_1_278' title='bbox 284 3588 539 3684; x_wconf 82' lang='lat' dir='ltr'>Haudquaquam</span> <span class='ocrx_word' id='word_1_279' title='bbox 558 3586 715 3673; x_wconf 80' lang='lat' dir='ltr'>fugienda,</span> <span class='ocrx_word' id='word_1_280' title='bbox 735 3586 820 3672; x_wconf 90' lang='lat' dir='ltr'>Deo,</span> <span class='ocrx_word' id='word_1_281' title='bbox 841 3591 1043 3675; x_wconf 88' lang='lat' dir='ltr'>quicumque,</span> <span class='ocrx_word' id='word_1_282' title='bbox 1063 3594 1180 3680; x_wconf 70' lang='lat' dir='ltr'>relittO,</span> 
     </span>
     <span class='ocr_line' id='line_1_40' title="bbox 286 3670 1118 3757; baseline -0.001 -16"><span class='ocrx_word' id='word_1_283' title='bbox 286 3675 432 3741; x_wconf 86' lang='lat' dir='ltr'>Numina</span> <span class='ocrx_word' id='word_1_284' title='bbox 446 3690 525 3738; x_wconf 87' lang='lat' dir='ltr'>vana</span> <span class='ocrx_word' id='word_1_285' title='bbox 541 3673 662 3750; x_wconf 84' lang='lat' dir='ltr'>colunt,</span> <span class='ocrx_word' id='word_1_286' title='bbox 682 3670 777 3743; x_wconf 85' lang='lat' dir='ltr'>animi</span> <span class='ocrx_word' id='word_1_287' title='bbox 794 3691 973 3739; x_wconf 88' lang='lat' dir='ltr'>commenta</span> <span class='ocrx_word' id='word_1_288' title='bbox 989 3675 1118 3757; x_wconf 75' lang='lat' dir='ltr'>profani,</span> 
     </span>
    </p>

    <p class='ocr_par' dir='ltr' id='par_1_18' title="bbox 226 3753 1161 4076">
     <span class='ocr_line' id='line_1_41' title="bbox 226 3753 1090 3845; baseline 0 -21"><span class='ocrx_word' id='word_1_289' title='bbox 226 3776 265 3845; x_wconf 79' lang='lat'>35</span> <span class='ocrx_word' id='word_1_290' title='bbox 287 3762 323 3824; x_wconf 89' lang='lat' dir='ltr'>In</span> <span class='ocrx_word' id='word_1_291' title='bbox 339 3759 445 3824; x_wconf 80' lang='lat' dir='ltr'>dextra</span> <span class='ocrx_word' id='word_1_292' title='bbox 460 3753 595 3820; x_wconf 71' lang='lat' dir='ltr'>vindida</span> <span class='ocrx_word' id='word_1_293' title='bbox 612 3771 683 3818; x_wconf 87' lang='lat' dir='ltr'>mea</span> <span class='ocrx_word' id='word_1_294' title='bbox 698 3755 756 3822; x_wconf 88' lang='lat' dir='ltr'>est:</span> <span class='ocrx_word' id='word_1_295' title='bbox 777 3773 829 3820; x_wconf 89' lang='lat' dir='ltr'>me</span> <span class='ocrx_word' id='word_1_296' title='bbox 845 3757 978 3841; x_wconf 86' lang='lat' dir='ltr'>vindice,</span> <span class='ocrx_word' id='word_1_297' title='bbox 999 3761 1090 3841; x_wconf 79' lang='lat' dir='ltr'>fiquis</span> 
     </span>
     <span class='ocr_line' id='line_1_42' title="bbox 286 3837 1066 3932; baseline -0.003 -24"><span class='ocrx_word' id='word_1_298' title='bbox 286 3841 489 3923; x_wconf 76' lang='lat' dir='ltr'>sculptilibus</span> <span class='ocrx_word' id='word_1_299' title='bbox 505 3838 582 3905; x_wconf 86' lang='lat' dir='ltr'>dans</span> <span class='ocrx_word' id='word_1_300' title='bbox 601 3852 669 3903; x_wconf 91' lang='lat' dir='ltr'>tura</span> <span class='ocrx_word' id='word_1_301' title='bbox 683 3837 747 3902; x_wconf 83' lang='lat' dir='ltr'>deis</span> <span class='ocrx_word' id='word_1_302' title='bbox 765 3844 891 3905; x_wconf 90' lang='lat' dir='ltr'>tollatur</span> <span class='ocrx_word' id='word_1_303' title='bbox 907 3841 939 3906; x_wconf 90' lang='lat' dir='ltr'>in</span> <span class='ocrx_word' id='word_1_304' title='bbox 955 3847 1066 3932; x_wconf 84' lang='lat' dir='ltr'>altum,</span> 
     </span>
     <span class='ocr_line' id='line_1_43' title="bbox 282 3922 1161 4076; baseline 0 -83"><span class='ocrx_word' id='word_1_305' title='bbox 282 3923 368 3993; x_wconf 82' lang='lat' dir='ltr'>Mox</span> <span class='ocrx_word' id='word_1_306' title='bbox 384 3923 471 4007; x_wconf 72' lang='lat' dir='ltr'>lapsu</span> <span class='ocrx_word' id='word_1_307' title='bbox 488 3923 628 4009; x_wconf 82' lang='lat' dir='ltr'>graviore</span> <span class='ocrx_word' id='word_1_308' title='bbox 643 3922 715 4005; x_wconf 79' lang='lat' dir='ltr'>ruit,</span> <span class='ocrx_word' id='word_1_309' title='bbox 734 3922 889 4028; x_wconf 80' lang='lat' dir='ltr'>mortique</span> <span class='ocrx_word' id='word_1_310' title='bbox 904 3926 1027 4004; x_wconf 82' lang='lat' dir='ltr'>dicatus</span> <span class='ocrx_word' id='word_1_311' title='bbox 1119 4006 1161 4076; x_wconf 82' lang='grc' dir='ltr'><strong><em>Μ</em></strong></span> 
     </span>
    </p>

    <p class='ocr_par' dir='ltr' id='par_1_19' title="bbox 1163 4025 1200 4082">
     <span class='ocr_line' id='line_1_44' title="bbox 1163 4025 1200 4082; baseline 0 0"><span class='ocrx_word' id='word_1_312' title='bbox 1163 4025 1200 4082; x_wconf 82' lang='lat' dir='ltr'>ou</span> 
     </span>
    </p>
   </div>
   <div class='ocr_carea' id='block_1_3' title="bbox 0 0 1407 4800">
    <p class='ocr_par' dir='ltr' id='par_1_20' title="bbox 0 0 1407 4800">
     <span class='ocr_line' id='line_1_45' title="bbox 0 0 1407 4800; baseline 0 0"><span class='ocrx_word' id='word_1_313' title='bbox 0 0 1407 4800; x_wconf 95' lang='lat' dir='ltr'> </span> 
     </span>
    </p>
   </div>
  </div>
 </body>
</html>
