2792 4800
211 412 288 489 290
375 342 397 369 Ἰ
563 346 843 500 ῙΟΒῘ

323 524 433 595 Deum
448 525 610 627 fatigarem
626 528 760 611 querelis

359 612 472 695 Usque
487 632 564 679 mers
584 614 757 695 miseroque
773 613 919 709 planetu:
1051 614 1053 617 ’

240 715 262 780 9
282 694 347 781 Qui
364 698 443 761 mita
459 698 577 781 promit-
589 697 670 783 sigua
685 709 838 781 potenuae,

282 781 429 864 Quorum
445 780 631 864 profundam
646 799 742 844 nemo
756 781 935 878 uoraginem
1011 853 1014 859 ,
1043 832 1048 838 -

328 862 361 929 A
378 862 502 929 summo
521 864 559 928 ad
576 864 677 928 imum
692 879 865 949 metuetur,

368 944 443 1011 Nec
461 966 594 1013 numero
609 962 745 1030 reputata
761 966 848 1015 certo

223 1044 264 1094 ro
283 1024 509 1113 Comprendet:
529 1030 639 1115 amplis
658 1031 711 1113 qui
726 1032 804 1117 rigat
814 1032 964 1100 imbribus
1013 984 1026 1007 ὀ

283 1114 411 1182 Versata
430 1115 515 1180 duris
529 1135 604 1182 arua
617 1115 790 1203 ligonibus;

330 1197 382 1266 Ut
397 1198 493 1263 rideat
508 1194 621 1263 blande
638 1200 762 1264 colonis

223 1359 226 1367 Ι
369 1281 396 1346 F
398 1285 463 1347 ulta
476 1281 561 1367 seges
571 1282 689 1364 stipulis
705 1280 846 1351 decoris:

225 1385 260 1430 11
285 1365 348 1450 Qui
365 1364 442 1447 saepe
459 1368 541 1430 tollit
558 1385 595 1430 ex
612 1365 722 1429 humili
738 1369 815 1430 loco

287 1448 406 1515 Preffos
422 1449 532 1531 iniquis
550 1448 647 1513 corda
662 1446 838 1532 doloribus,

331 1535 545 1618 Interrogatus
563 1532 739 1597 aulicorum

373 1615 424 1682 Ut
439 1614 569 1683 sedeanu
576 1616 686 1679 hilares
703 1630 862 1683 catervas:

228 1716 267 1763 η
289 1698 353 1782 Qui
373 1698 562 1765 callidorum
579 1698 707 1763 consilia
722 1698 835 1779 obruit,

284 1782 325 1848 Et
342 1801 420 1847 uana
437 1781 536 1847 reddit
571 1781 672 1848 rorsus
690 1782 721 1846 dt
737 1781 834 1847 irrita:

257 1900 259 1906 .
334 1886 371 1953 ¹3
393 1865 457 1949 Qui
472 1803 683 1933 fraudulentos
698 1866 768 1947 jure
783 1878 896 1948 captos

374 1950 495 2014 Fraude
509 1950 562 2013 sui
578 1950 666 2032 super
680 1949 757 2013 aura
771 1948 872 2029 ridet3.

231 2050 271 2114 14
291 2031 332 2097 Et
349 2034 460 2098 mentis
477 2034 537 2096 illis
554 2033 671 2098 lumine
685 2031 843 2116 fulgidum

287 2113 446 2180 Perfundit
461 2118 531 2181 atris
547 2116 586 2181 lic
602 2114 734 2180 tenebris
750 2114 851 2195 diem,

332 2198 385 2266 Ut
398 2202 559 2263 ambulans
610 2198 768 2280 essumque
784 2198 915 2265 firmans

372 2280 467 2349 Caeca
480 2300 548 2348 ruat
562 2303 579 2347 c
619 2302 654 2347 os
673 2283 704 2346 in
720 2280 923 2365 profundum.

228 2386 268 2449 15
288 2367 334 2434 At
350 2368 530 2452 impotentes
547 2368 714 2439 munificus
733 2364 822 2431 trahit

286 2451 319 2518 A
334 2451 365 2515 ui
381 2468 541 2535 potentum
557 2450 760 2517 &fraudibus
777 2448 878 2531 impiis
894 2469 906 2529 ;

332 2537 372 2601 16
392 2533 446 2600 Ne
461 2553 628 2619 pauperum
643 2534 710 2617 spes
727 2535 885 2618 obruatur,

371 2620 553 2701 'Impietasve
570 2620 690 2684 animos
708 2618 851 2682 resumat.

232 2717 271 2784 17
290 2700 325 2765 O
342 2716 387 2765 ter
404 2704 545 2768 beatum!
568 2719 662 2781 quem
679 2715 763 2782 pater
779 2699 918 2781 optimus

292 2785 378 2853 Curi
395 2785 516 2867 paterni
533 2783 670 2847 criminis
686 2801 824 2868 arguens·

336 2868 481 2955 Casligat‚
500 2866 579 2930 haud
598 2867 717 2948 astirpe
734 2865 867 2931 vulsum·

379 2953 416 3019 In
429 2951 555 3015 barathri
566 2952 705 3014 tenebras
721 2952 856 3036 relegat:

293 3039 359 3103 Fue
376 3032 452 3120 ergo
469 3054 564 3098 vanos
581 3055 620 3099 ne
635 3032 742 3098 foveas
757 3047 872 3115 metus,

290 3121 436 3188 Moerore
450 3134 571 3200 torpens
589 3116 714 3202 peoora
729 3113 888 3196 marcid03

333 3202 472 3268 Priscam
487 3201 613 3266 reducet
629 3201 790 3266 sanitatem

379 3284 586 3368 Omnipotens
604 3285 664 3368 tibi¹
675 3283 776 3349 rector
792 3283 890 3351 orbis.

233 3368 272 3442 18
293 3370 404 3454 infligit
421 3369 505 3433 idem
520 3372 649 3433 vulnera
665 3367 801 3450 corpori,

229 3531 230 3535 Ἰ
291 3454 381 3521 Idem
396 3453 517 3534 repellit
531 3456 660 3515 vulnera
675 3450 816 3528 sedulus3

335 3536 475 3616 Unique
491 3537 636 3600 morbum
651 3533 727 3617 saepe
742 3519 865 3617 dextri,

379 3618 420 3685 Et
435 3618 597 3702 placidum
610 3618 813 3682 medicamen
823 3616 933 3686 adfert.

223 3722 271 3797 'tp
291 3706 468 3786 Utcunque
486 3702 606 3767 cindus
622 3702 711 3765 mille
726 3702 871 3784 periculis

290 3787 420 3871 Dextri,
441 3786 550 3884 finistra
567 3786 656 3849 mille
670 3785 829 3870 periculis,
895 3801 897 3808 ’

337 3869 842 4038 lellliuiliilsziu

1016 4052 1060 4106 ao
1078 4030 1129 4104 Tel
