2792 4800
322 449 471 507 222st
675 421 952 530 JOBI

319 567 465 665 Inputet,
485 580 525 630 an
542 561 707 648 quisquam
723 563 787 630 sese
804 571 976 656 purgaverit
991 577 1075 643 uno?

320 650 373 722 lllr
392 669 448 715 eor
466 648 610 734 prudens,
632 650 660 714 dr
678 648 766 714 fortir
783 652 894 716 robora
911 654 1032 744 dextra,
1272 675 1298 714 ‘rr

320 730 404 804 Non
420 732 466 798 illi
485 733 611 817 injustus
631 732 792 816 quisquam
811 734 842 800 se
862 736 986 835 impune
1002 742 1151 814 rebellem
1293 728 1297 736 ¹

318 815 495 901 Prabuerit,
515 830 635 883 montes
654 816 706 899 qui
727 816 795 883 imis
813 818 965 889 radicibus
983 829 1064 894 altos

318 902 437 986 Vertit,
457 920 514 966 nee
533 900 665 967 modice
683 917 805 989 apparet
821 918 923 970 tamen
941 907 1070 991 impetur
1087 911 1147 980 ire.

315 986 383 1136 gui
403 983 552 1051 labefaila
570 1001 663 1051 tnanu
683 985 804 1068 trepida
821 984 1002 1057 fundamina
1018 1009 1104 1060 terre

350 1072 482 1155 oneutit,
502 1070 532 1135 de
551 1069 639 1134 ssmul
658 1087 694 1132 ac
715 1069 786 1133 eelsr
803 1068 841 1135 dc
859 1074 973 1140 vertice
991 1079 1021 1140 ol
1045 1080 1108 1162 mpi

316 1153 483 1239 Annuerit‚
503 1154 594 1218 cecis
610 1150 707 1219 Titan
724 1167 817 1236 eaput
835 1157 954 1222 occulit
971 1098 1099 1246 unitis,

315 1236 358 1306 Et
375 1237 496 1304 fraudat
513 1235 671 1320 splendore
690 1235 786 1321 diem,
807 1237 981 1335 signataque
998 1246 1116 1313 claudit

313 1322 433 1407 Sidera,
455 1320 508 1404 qui
526 1319 611 1385 nitidi
629 1319 713 1385 sulus
732 1333 860 1386 tentoria
877 1325 952 1390 curli

312 1403 468 1491 Explicat,
489 1402 666 1471 &tumidas
686 1403 769 1468 sicco
786 1403 863 1486 pede
880 1423 1015 1489 permeat
1035 1412 1140 1481 undat.

312 1490 498 1571 arelatum,
518 1488 638 1571 paribus
653 1486 798 1552 somnum
838 1487 868 1553 ui
887 1489 1002 1558 dividat
1019 1495 1100 1561 horis

310 1574 420 1659 Atque
437 1573 533 1654 diem,
573 1569 660 1636 elida
677 1569 797 1635 tursum
815 1506 869 1635 pub
885 1588 1024 1658 tempora
1041 1579 1157 1647 brume

311 1654 465 1729 imbriferi
483 1591 622 1720 madidet
641 1652 822 1739 pluviosque
838 1652 965 1723 Orionis
984 1659 1079 1762 ignea²
1157 1630 1168 1669 ³

310 1742 396 1809 Vere
413 1738 595 1808 renascentis
614 1752 732 1823 gratam
750 1737 832 1821 spem
847 1736 986 1806 Pleiadas
1003 1763 1086 1835 annu,

311 1825 434 1896 Evocat
452 1822 602 1907 tautum,
622 1820 737 1909 septem
753 1839 933 1889 ornamenta
949 1826 1067 1913 trionis,

309 1908 352 1979 Et
393 1927 562 1990 uacunque
578 1910 655 1971 alter
672 1904 761 1971 nobit
779 1907 885 1970 interci
909 1907 930 1972 it
945 1910 1026 1976 ‹rbis
1048 1918 1051 1924 '

307 1930 444 2061 Auriferi
460 1989 597 2057 distineia
613 1991 705 2072 polo:
725 2002 790 2054 tarn
808 1927 931 2076 grangia
947 1991 1030 2059 l'aela

308 2077 499 2163 Easuperaat
515 2073 645 2142 laudum
662 2076 820 2157 cumulet,
841 2072 1039 2158 mirandaque
1054 2079 1150 2147 virtut

306 2163 399 2231 Illius
421 2161 500 2226 haud
517 2177 648 2224 numero
668 2156 778 2242 poterit
796 2176 851 2221 nec
871 2160 932 2223 fine
948 2161 1053 2228 teneri.

307 2243 388 2314 Non
408 2248 500 2312 illurn
518 2240 610 2308 celeri
631 2259 730 2324 quum
746 2244 962 2325 preterlabitur
977 2246 1050 2313 aura

308 2329 445 2400 Cernere
459 2328 519 2420 faa,
541 2328 570 2392 dt
589 2343 664 2391 cunr
681 2327 768 2414 pigro
785 2325 815 2390 se
833 2328 951 2392 tramite
969 2329 1038 2396 sriiit

307 2417 439 2485 Confilii
457 2413 619 2500 quisquam
638 2407 720 2478 ndrit
737 2410 851 2474 secreta
872 2414 1010 2479 latentia?

233 2582 246 2591 „
305 2498 403 2568 Num
421 2499 554 2585 predam
570 2495 674 2585 eripiet
691 2493 873 2580 quisquam?
916 2493 1009 2563 Nurn
1026 2498 1153 2583 poscere
1167 2499 1282 2572 carna

307 2584 451 2654 Audeat?
494 2585 608 2656 iratum
626 2593 733 2645 contra
750 2579 900 2645 subillere
920 2600 1033 2648 numen

303 2664 402 2737 Num
417 2668 462 2733 vit
479 2668 545 2732 ulla
563 2664 675 2747 potell?
719 2663 804 2726 Forti
821 2663 874 2725 sub
894 2666 1025 2745 pondere
1042 2680 1129 2733 tanto

304 2754 421 2824 Genua
436 2751 549 2834 labant,
567 2745 732 2829 studiisque
748 2746 876 2827 superbo
893 2748 987 2813 corde
1004 2751 1149 2835 tyrannia.

308 2837 398 2924 Quid
415 2835 488 2902 mihi
504 2848 574 2898 turn
591 2828 703 2894 misero
720 2830 818 2893 verbia
836 2835 1019 2898 contendere
1035 2833 1145 2902 frussrd

306 2919 458 3006 Proderit,
477 2932 529 2985 aut
547 2932 661 2981 numen
678 2910 766 2977 dielia
786 2912 929 2979 incellere
946 2919 1079 2983 amaris?

305 3006 403 3156 guod
422 3005 440 3068 fi
458 3020 533 3086 pura
550 2998 635 3084 milri,
656 2997 795 3078 nullique
812 2998 943 3064 obnoxia
961 3005 1062 3085 culpa

342 3092 382 3155 ita
397 3088 488 3169 foret,
507 3084 632 3166 supplex
649 3095 751 3146 tamen
770 3096 838 3145 ante
853 3081 1032 3148 advolveret
1051 3105 1106 3152 ota

305 3173 437 3325 ffdicis,
458 3172 487 3235 dt
506 3165 645 3249 quamvis
665 3163 724 3230 leni
743 3164 842 3230 bonus
860 3167 971 3232 annuat
991 3188 1075 3254 aure,

341 3256 400 3321 aud
415 3251 559 3335 equidem
574 3247 699 3313 credam
715 3266 828 3312 vocem
851 3249 1001 3316 evaudille
1052 3255 1180 3323 ecantit.

304 3342 427 3437 Quippe
443 3353 509 3402 atro
527 3354 617 3397 caca
634 3346 809 3411 correptum
829 3334 946 3397 turbine
963 3354 1004 3401 no
1038 3335 1061 3399 ia

303 3421 462 3508 implicuit
478 3418 619 3498 tenebris,
640 3415 812 3499 pronusque
829 3415 858 3482 iu
877 3421 1004 3482 vulnera
1020 3419 1122 3486 nostra

303 3507 475 3578 immeritas
496 3505 635 3565 cumulat
651 3497 767 3578 clades,
789 3518 845 3563 nec
864 3503 973 3567 mollia
991 3502 1076 3568 novit

302 3592 469 3662 Intervalla
484 3585 580 3669 furor,
603 3584 688 3650 litem
708 3582 795 3650 finire
811 3583 920 3648 duello

301 3673 368 3762 Qui
385 3689 492 3759 potero
510 3666 681 3734 invalidus?
702 3664 878 3748 dicamini,
901 3682 934 3731 ut
948 3670 1065 3749 polleat
1083 3669 1193 3756 armis,
1249 3736 1253 3747 ,

301 3761 375 3843 Jute
391 3757 475 3822 diem
493 3751 560 3835 quis
577 3768 640 3816 tam
656 3749 765 3816 audaci
781 3748 927 3832 praiiniet
944 3753 1018 3816 ore?

302 3845 336 3913 si
355 3860 405 3905 me
423 3842 542 3906 sincerae
558 3835 629 3899 velli
653 3834 681 3897 ia
697 3852 819 3916 carpere
836 3834 905 3897 vita

300 3927 460 4009 Frontem,
481 3919 603 4005 proprie
621 3854 784 3983 ‹famnatus
822 3917 1019 3999 rennuente,

297 4010 380 4091 Non
397 4008 461 4076 alio
477 4005 531 4073 sub
549 4002 620 4070 telle
638 4000 762 4084 cadant,
792 4020 825 4068 tn
843 4001 904 4070 vita
920 4015 1042 4069 vacaret
1127 4011 1185 4154 m
1222 4081 1230 4100 .

1158 4099 1274 4166 trnrue,
