2792 4800
279 429 355 507 ψ
530 355 906 512 xJonr

171 557 177 566 “
288 545 327 613 In
343 558 465 630 gyrum,
483 542 657 644 rhenusque
673 544 739 628 poli
754 544 1014 611 circumambulat
1033 563 1120 614 orasi-

293 628 388 695 Siene
402 632 544 711 exempla
558 629 612 694 tibi
629 627 732 695 statuis
747 628 891 694 sedanda
908 628 1015 712 prioris

292 707 474 795 Nequitia?
495 713 536 778 iic
553 713 623 779 trita
638 718 741 796 placet
757 713 810 776 tibi
826 713 934 778 semita
945 713 1074 779 mundi?

292 792 368 861 Nec
385 813 555 863 memores
594 796 696 865 usndo
712 796 812 862 effuso
826 797 884 861 luit
901 815 1024 878 equore
1039 816 1148 883 peenas

293 874 409 946 Tellus
442 881 472 947 δι
488 817 603 965 gravidi
621 881 772 947 vastarunt
788 881 895 945 ethera
912 880 1028 946 nimbi?

294 964 383 1031 Gens
399 930 507 1031 secura
522 961 599 1048 Dei,
615 964 764 1047 rebusque
779 968 860 1029 elata
874 964 1027 1044 secundis,

293 1046 378 1115 Ante
395 1047 490 1131 diem,
509 1053 620 1131 procul
636 1049 720 1130 hinc,
738 1049 850 1131 procul
865 1047 947 1129 hinc,
968 1047 1104 1133 discede,
1122 1047 1277 1135 serebant,

293 1128 516 1215 Omnipotens!
536 1151 595 1197 nee
613 1133 696 1197 enim
713 1151 770 1197 nos
785 1131 879 1197 verba
893 1130 1028 1197 minacia
1041 1147 1155 1201 terrent

294 1212 397 1279 Deliri
412 1216 501 1299 vatis,
520 1235 578 1281 nec
595 1217 649 1281 tali
666 1216 682 1280 l
699 1214 790 1279 clade
805 1214 961 1281 timemus.

296 1297 329 1365 A
346 1311 411 1363 tam
426 1301 568 1382 perverfis
584 1299 703 1382 semper
719 1297 793 1362 mihi
809 1295 914 1380 pestus
932 1299 1072 1364 abhorret

295 1380 455 1466 Coufiliis,
470 1381 665 1467 gaudentque
681 1381 788 1447 illaad
805 1381 980 1463 spedacula
992 1382 1075 1467 justi,

293 1463 336 1531 Et
352 1465 458 1532 sensio
473 1466 572 1531 rident
589 1470 671 1548 zelo,
691 1465 768 1529 dum
781 1464 891 1530 funera
907 1481 1037 1532 cernunt

295 1550 404 1634 Impia,
424 1550 501 1614 dum
516 1569 648 1633 preceps
665 1548 815 1630 quidquid
831 1568 897 1614 non
913 1549 1028 1615 leserat
1044 1550 1139 1635 unda,

293 1631 509 1697 Flammivuro
523 1634 620 1717 juiius
633 1631 728 1715 judex
745 1629 902 1696 consumit
913 1633 1006 1696 hiatu.

292 1715 406 1798 Qualis
422 1730 485 1779 erat
502 1715 662 1796 quondam
679 1714 829 1797 solome,
850 1716 927 1778 cum
944 1715 1087 1798 sulphure
1104 1720 1228 1785 coelurn

294 1794 347 1864 De
369 1798 436 1881 luit,
455 1812 547 1879 atque
564 1799 640 1885 ignis
656 1798 780 1876 miseras
796 1799 970 1865 exhauserat
987 1801 1089 1867 urbes.

295 1819 411 1962 Judicli
429 1882 541 1947 interea
554 1883 650 1965 justos
666 1881 732 1963 spes
749 1890 832 1946 certa
849 1881 979 1965 supremi

294 1963 438 2047 Sustinet,
456 1985 494 2029 ac
511 1968 567 2031 nlae
584 1966 692 2030 divinae
709 1967 839 2051 protegit
854 1969 973 2032 umbra.

334 2046 432 2137 Ergo,
453 2050 473 2114 fi
490 2051 558 2113 ulla
573 2064 632 2114 tuae
649 2049 744 2131 tangit
760 2065 790 2113 te
809 2069 885 2113 eura
900 2049 1016 2130 salutis,

165 2123 170 2136 '
293 2127 438 2198 Promtus
454 2132 504 2196 adi
522 2130 717 2209 Dominum3
738 2150 860 2215 pacem,
879 2134 1063 2216 veniamque
1081 2146 1235 2217 precatus.

294 2212 392 2281 Disce
411 2216 519 2280 lubeus
536 2217 629 2280 sacra
645 2214 778 2296 perfetta
794 2221 921 2280 oracula
937 2218 1037 2298 vocis,

293 2296 337 2365 Et
354 2300 486 2363 memori
502 2316 650 2397 precepta
666 2300 734 2382 ejus
748 2299 803 2362 sub
821 2298 943 2382 penore
959 2301 1054 2366 versa.

296 2384 356 2449 Ille
374 2383 461 2448 fimul
478 2382 580 2449 mdeat
595 2382 687 2448 versae
703 2386 866 2466 penetralia
883 2385 1006 2483 mentis²

296 2466 438 2532 Sufficiet
453 2466 532 2532 vires
550 2467 661 2550 soboli,
681 2467 864 2549 scelerisque
879 2467 1003 2533 nefandi

295 2550 439 2614 llluviem
456 2553 572 2617 arcebis
590 2549 674 2616 tedis
708 2569 823 2632 arxque
840 2571 931 2615 aurea
947 2552 1052 2638 surget·

297 2630 451 2712 Protinus,
471 2634 550 2698 haud
569 2636 654 2698 slavis
701 2635 790 2714 phirae
806 2635 922 2699 cessura
934 2635 1078 2702 caminis.

296 2715 391 2782 Instar
406 2717 487 2798 rupis
506 2717 563 2780 erit
577 2716 682 2780 valido
696 2717 877 2781 fundamine
894 2720 995 2801 turris,

295 2798 424 2885 Argenti
439 2819 476 2861 ac
493 2799 558 2864 nuri
576 2800 723 2882 cumulis,
745 2819 823 2881 quos
841 2800 928 2864 India
943 2805 1044 2868 mitten

294 2880 394 2949 Dives
411 2900 518 2966 opum,
538 2901 596 2947 nec
614 2901 706 2967 opem
723 2884 795 2947 celsi
812 2883 989 2949 moderator
1005 2886 1124 2970 olympi

294 2966 465 3049 Abstrahet‚
484 2981 670 3051 argentoque
685 2986 823 3047 auroque
841 2983 875 3032 ut
891 2971 1015 3049 puluere
1030 2976 1164 3053 replens.

294 3049 389 3116 Solus
406 3049 536 3134 delicie,
556 3050 655 3115 suavis
673 3065 727 3114 tua
742 3049 809 3115 sola
822 3054 965 3133 voluptas

213 3200 218 3214 ,
293 3133 374 3214 Jova
389 3134 455 3216 erit,
470 3133 634 3214 eresloque
651 3136 737 3196 coles
756 3136 818 3199 bec
829 3135 956 3199 munina
971 3137 1072 3219 vultu,

294 3214 469 3299 Orabisque
485 3213 606 3300 Deum,
624 3216 789 3299 patulique
804 3218 943 3283 exaudiet
958 3237 1044 3302 aure,

293 3298 441 3381 Votaque
455 3300 621 3381 persolves,
640 3300 807 3366 succedent
821 3301 926 3366 omnia
941 3298 1024 3366 redd

293 3383 375 3466 Quae
391 3384 510 3466 statues,
529 3384 642 3470 gressus
658 3383 777 3466 semper
793 3383 848 3448 tibi
861 3385 971 3466 praevia
986 3388 1106 3468 lampas

293 3463 432 3554 Diriget‚'
447 3466 476 3532 de
495 3466 579 3531 clari
595 3466 727 3552 fulgebit
741 3466 848 3530 semita
863 3474 946 3532 luce.

294 3547 369 3616 Nec
386 3554 471 3614 mala
488 3565 517 3613 te
532 3548 654 3614 tantum
670 3549 755 3614 duris
770 3548 903 3632 pressere
920 3551 1042 3634 periclis

291 3632 432 3715 Elatum,
450 3633 668 3713 tumidumque
685 3634 807 3714 anim03
828 3653 922 3715 quem
939 3638 1030 3698 tollet
1046 3635 1163 3711 bonore

291 3716 382 3865 kun,
402 3717 534 3781 humiles
550 3719 674 3800 oculos,
693 3717 879 3799 demissaque
896 3719 1015 3782 lumina
1030 3736 1174 3785 cernens⁷

209 3825 212 3832 ·
331 3821 367 3864 ec
385 3799 447 3865 sese
461 3799 559 3864 servat
574 3801 690 3884 solum,
710 3803 763 3883 qui
779 3802 900 3867 tramite
915 3799 1002 3867 resin

290 3882 472 3971 Ingreditur,
491 3884 567 3965 sepe
585 3884 631 3948 illi
652 3885 791 3949 &noxia
807 3887 895 3950 turba
909 3886 1041 3951 salutem

288 3964 404 4053 Debet,
426 3966 456 4036 di
472 3967 614 4042 innocua
630 3967 764 4036 servatur
779 3987 907 4037 munere
922 3970 1049 4053 dextra,

1126 4043 1279 4120 cns,
